3300 5234
768 546 948 615 5296

1733 567 1806 616 ·1·.
1853 566 2052 619 mvn

1094 708 1261 771 dicto
1300 708 1434 770 fuit.
1514 708 1639 773 Sed
1679 708 1838 771 bunc
1874 719 2129 773 excusat
2167 708 2398 792 Scipio,
2439 728 2620 791 quem
2661 709 2833 771 aiunt
2865 719 3006 771 ante

1094 808 1251 885 regis
1293 806 1616 869 adventum
1657 828 1954 889 purpureo
2001 808 2212 889 sagulo
2261 828 2454 881 usum,
2500 816 2629 868 tum
2673 806 2751 866 ad
2799 804 3006 867 album

1093 904 1371 965 vestitum
1405 924 1471 964 se
1505 904 1849 977 contulisse,
1887 904 2048 987 quod
2074 904 2240 965 Juba
2273 912 2548 984 negasset
2581 902 2792 964 eodem
2829 902 3005 963 illum

1090 1000 1259 1061 cultu
1284 1022 1411 1061 esse
1446 1010 1718 1082 oportere
1759 1022 1882 1113 quo
1918 1004 2043 1083 ipse
2083 1010 2366 1063 uteretur.
2449 1000 2548 1061 At
2569 1002 2669 1061 hic
2691 1020 2834 1061 cum
2862 999 3004 1061 Οε-

1090 1116 1223 1157 sare
1266 1096 1619 1171 dimicabat,
1666 1100 1766 1159 cui
1805 1099 1858 1160 si
1897 1088 2306 1181 obtemperare
2348 1097 2552 1169 vellet,
2599 1098 2822 1179 primas
2866 1106 3006 1178 post

1006 1196 1013 1203 “
1090 1193 1315 1253 illum
1297 1215 1362 1255 ιιι
1400 1194 1574 1255 Urbe
1598 1204 1802 1257 tenere
1829 1196 2143 1279 multisque
2168 1196 2209 1257 J
2215 1197 2336 1257 uba
2357 1195 2829 1276 potentioribus'
2813 1214 3002 1277 impe-

796 1626 945 1710 Atict.
967 1658 1031 1709 de

763 1724 828 1775 B.
852 1725 961 1775 Ass.

1090 1310 1221 1351 rare
1254 1300 1471 1373 posset.

1044 1448 1049 1454 .
1088 1428 1099 1441 ·
1172 1394 1275 1449 30.
1315 1388 1619 1450 Postridie
1643 1389 1766 1451 duo
1792 1389 2088 1451 exercitus
2112 1390 2324 1451 armati
2345 1390 2732 1469 instructique
2759 1407 2800 1448 a
2825 1407 3002 1450 mane

1086 1503 1275 1565 usqne
1300 1485 1378 1545 ad
1404 1486 1611 1549 horam
1629 1485 1946 1559 decimam,
1973 1486 2289 1547 intervallo
2315 1488 2552 1549 circiter
2575 1506 2854 1569 passuum
2882 1494 3000 1545 tre-

1086 1589 1391 1655 centorum
1416 1593 1670 1645 stetere.
1714 1604 1824 1645 nec
1851 1593 2050 1645 tamen
2077 1586 2391 1647 commissa
2413 1593 2506 1646 est
2531 1604 2752 1695 pugna.
2833 1581 2999 1643 Tan·

1084 1680 1392 1742 tummodo
1419 1681 1550 1743 leve
1584 1682 1856 1764 praelium
1895 1690 2164 1762 equestre
2203 1682 2454 1754 factum,
2489 1681 2730 1741 minime
2753 1680 2999 1761 dignum

1086 1778 1391 1837 memoria.
1481 1778 1764 1839 Ceterum
1791 1799 1897 1860 per
1921 1798 2025 1838 eos
2049 1778 2180 1839 dies
2203 1780 2352 1839 mari
2378 1786 2546 1859 gesta
2581 1798 2674 1839 res
2707 1786 2822 1849 est,
2859 1796 2998 1837 cum

1086 1873 1169 1934 P.
1209 1874 1413 1935 Varus
1450 1874 1528 1935 de
1576 1875 1830 1937 navibus
1875 1875 1961 1943 Q..
2002 1876 2254 1958 Aquilae
2298 1876 2379 1935 ad
2426 1876 2664 1958 Leptim
2704 1872 3032 1955 quasdam*

1082 1972 1381 2031 onerarias
1429 1971 1810 2043 incendisset,
1853 1992 2192 2053 vacuasque
2241 1970 2650 2033 defensoribus
2701 1971 2997 2053 quinque-

1080 2086 1271 2127 remes
1310 2069 1695 2129 abstraxisset
1737 2068 1904 2129 duas.
1988 2068 2138 2130 Hoc
2186 2070 2290 2131 ubi
2337 2068 2568 2131 Caesari
2606 2068 2998 2130 circumeunti

1080 2184 1262 2283 opera
1280 2184 1391 2226 sua
1410 2166 1744 2227 nuntiatum
1773 2175 1885 2238 εει,
1911 2168 2180 2248 protinus
2203 2187 2384 2247 eques
2405 2166 2714 2228 contendit
2729 2166 2993 2247 Leptim,

1076 2270 1143 2321 et
1165 2242 1463 2323 instructis
1486 2282 1623 2343 quae
1646 2262 1899 2323 aderant
1925 2264 2198 2336 navibus,
2229 2263 2462 2324 Varum
2487 2263 2796 2324 celeritate
2821 2272 2998 2324 tanta

1075 2360 1451 2439 perterritum
1478 2360 1603 2439 egit
1640 2362 1702 2420 in
1738 2360 1964 2439 fugam,
2003 2362 2486 2442 quinqueremem
2525 2380 2710 2421 unam
2741 2360 2994 2442 recepit,

1076 2456 1369 2517 triremem
1398 2466 1824 2538 repugnantem
1847 2458 2028 2539 cepit.
2111 2457 2418 2519 Postridie
2453 2456 2756 2540 profectus
2781 2458 2994 2521 Adru-

1074 2560 1320 2625 metum,
1362 2574 1482 2635 quo
1512 2575 1579 2615 se
1617 2554 1821 2615 Varus
1859 2555 2216 2627 contulerat,
2263 2576 2446 2617 naves
2484 2565 2784 2638 quotquot
2815 2566 2994 2619 extra

1075 2648 1413 2713 Cothonem
1435 2660 1627 2723 erant,
1657 2660 1764 2713 aut
1787 2652 2050 2713 incendit
2071 2663 2177 2714 aut
2193 2652 2512 2715 subduxitt
2553 2662 2621 2714 et
2639 2673 2778 2715 cum
2795 2652 2991 2716 classe

1072 2745 1356 2809 dimicare
1376 2768 1493 2811 non
1515 2748 1804 2810 auderent
1821 2750 2040 2823 hostes,
2067 2752 2127 2811 in
2153 2760 2350 2812 castra
2367 2772 2478 2813 sua
2499 2751 2696 2813 rediit.
2764 2752 2823 2812 Ε
2843 2772 2988 2835 cap-

1074 2842 1213 2904 tivis
1242 2843 1495 2906 interfici
1532 2865 1714 2906 unum
1747 2848 1929 2925 jussit
1966 2846 2050 2907 P.
2081 2846 2384 2927 Ligarium
2415 2846 2842 2921 Afranianum,
2883 2850 2988 2931 qui

1070 2938 1343 3002 dimissus
1376 2943 1442 3003 in
1484 2942 1794 3025 Hispania
1816 2953 2026 3005 contra
2048 2944 2255 3007 datam
2289 2944 2470 3008 fidem
2511 2946 2724 3007 iterum
2761 2946 2844 3009 ad
2877 2947 2986 3008 ad-

1068 3038 1359 3098 versarios
1385 3037 1643 3099 Oaesaris
1668 3060 1731 3100 se
1757 3048 2084 3121 receperat.

1012 3201 1021 3211 Β
1150 3138 1252 3194 31.
1295 3134 1527 3196 Paucis
1559 3145 1697 3217 post
1734 3136 1946 3198 diebus
1977 3158 2116 3198 cum
2145 3137 2352 3200 Caesar
2373 3138 2600 3200 circum
2633 3138 2837 3213 villas,
2875 3142 2984 3203 ubi

1068 3229 1271 3291 rustici
1311 3231 1510 3312 fruges
1540 3234 1603 3293 in
1636 3235 2032 3297 subterraneis
2071 3238 2365 3317 specubus
2403 3236 2818 3311 condiderant,
2859 3238 2982 3299 fru-

1068 3335 1397 3389 mentatum
1436 3331 1718 3403 mitteret,
1773 3332 2074 3394 Labienus
2123 3334 2370 3395 insidias
2419 3335 2656 3395 struxit.
2751 3336 2877 3397 Sed
2915 3357 2982 3398 re

1067 3434 1375 3506 comperta
1423 3426 1631 3487 Caesar
1677 3430 2071 3502 insidiatores,
2123 3431 2335 3491 occisis
2383 3430 2569 3492 ferme
2619 3434 2980 3514 quingentis,

1067 3518 1290 3600 dejecit
1323 3522 1479 3596 loco,
1520 3524 1970 3608 Labienumqus
2001 3529 2122 3588 suis
2161 3548 2300 3588 cum
2337 3529 2606 3609 equitatu
2643 3532 2978 3592 venientem

1066 3618 1297 3679 auxilio
1335 3619 1632 3703 legionum
1666 3624 1910 3703 objectu
1953 3624 2257 3686 deterruit.
2340 3624 2632 3686 Numidae
2673 3628 2803 3707 qui,
2841 3628 2980 3689 loco

1067 3714 1303 3789 amisso,
1340 3718 1401 3777 in
1432 3730 1630 3781 castra
1653 3720 2014 3801 refugerant,
2041 3722 2288 3804 imperio
2310 3721 2490 3783 Jubae
2511 3724 2786 3785 crucibus
2810 3723 2976 3789 affixi

1064 3813 1495 3894 pependerunt.

1146 3916 1248 3971 32.
1279 3912 1605 3993 Fatigabat
1627 3922 1824 3976 tamen
1851 3915 2192 3976 Cassarem
2175 3917 2378 3997 inopia
2397 3915 2700 3990 frumenti,
2725 3927 2792 3980 et
2809 3919 2972 4000 quod

1062 4026 1197 4069 eam
1232 4011 1313 4070 ob
1347 4013 1758 4073 necessitatem
1794 4034 2174 4094 quacumque
2209 4013 2540 4095 profectum
2576 4017 2882 4095 equitatus
2911 4026 2974 4078 et

1062 4102 1215 4165 levis
1258 4118 1559 4171 armatura
1605 4110 2008 4171 Numidarum
2053 4110 2398 4183 infestabat,
2447 4112 2629 4179 velox
2670 4113 2968 4175 hominum

1064 4220 1268 4281 genus,
1302 4214 1367 4266 et
1400 4206 1477 4267 ad
1518 4208 2000 4288 procurrendum,
2041 4218 2104 4270 et
2140 4207 2276 4270 telis
2313 4210 2606 4289 conjectis
2639 4210 2718 4271 ad
2751 4210 2968 4291 refugi-

1064 4298 1281 4360 endum
1306 4300 1530 4364 babile.
1598 4304 1822 4388 Neque
1848 4306 1939 4365 his
1962 4306 2224 4365 resistere
2247 4304 2504 4365 Caesaris
2525 4306 2824 4386 equitatus
2845 4310 2968 4369 sine

1062 4394 1392 4473 legionibus
1432 4408 1684 4483 poterat.
1767 4402 2012 4464 Idcirco
2042 4401 2183 4463 licet
2223 4410 2532 4464 veteranos
2569 4403 2818 4465 baberet
2855 4407 2962 4467 mi-
