3300 5234
842 540 1046 591 unm
1096 541 1251 595 ow.
1296 540 1483 591 SUPP
1498 541 1943 592 [AEMENTUM.

2337 524 2511 616 5⁰1⁷

278 683 425 756 riui,
470 682 877 766 Eudosesque,
914 695 977 746 et
1003 705 1147 746 cum*
1174 684 1581 746 Sum-donibus
1618 646 1961 747 Nuithones
1993 707 2028 746 a
2064 685 2182 746 Ta·
2269 731 2286 742 .

280 783 409 843 cito
458 792 869 842 memorantur.
950 785 1223 850 Quorum
1288 783 1637 860 Reudignos
1693 793 1758 844 et
1807 774 2084 844 Aviones
2125 786 2185 844 in

280 879 615 958 aquilonari
638 888 705 940 et
736 880 1031 941 maritima
1072 879 1357 942 Saxoniae
1396 880 1578 962 plaga
1612 879 1872 940 collocat
1908 879 2189 940 Andreas
2219 877 2224 882 ’

282 974 698 1046 Altbamerus,
737 980 911 1056 cujus
942 977 1311 1055 diligentiam
1336 987 1465 1038 tota
1490 977 1604 1038 hac
1628 977 2022 1058 descriptione
2051 976 2186 1059 plu-

281 1072 501 1132 rimum
542 1091 779 1152 sequor,
824 1072 1201 1150 (Cluverium
1242 1075 1424 1145 enim,
1471 1075 1577 1154 qui
1618 1075 1748 1134 haec
1787 1073 2188 1153 copiosissime

280 1178 377 1228 est
414 1179 723 1240 executus,
768 1169 1015 1251 adipisci
1059 1190 1177 1230 non
1222 1170 1420 1249 licuit)
1456 1170 1561 1231 ubi
1604 1189 1758 1230 nunc
1803 1169 2190 1248 Megalobur·

282 1267 481 1343 gensis
505 1265 757 1340 ducatus
788 1267 1137 1328 nominatur.

369 1369 471 1426 17.
515 1361 853 1442 Anglorum
874 1374 1071 1424 autem
1091 1373 1351 1424 veterem
1371 1364 1794 1424 habitationem
1819 1365 1973 1425 inter
1996 1363 2190 1426 Saxo-

282 1479 393 1520 nas
442 1459 837 1542 Vitarumque
882 1471 1113 1540 gentem
1154 1461 1330 1522 fuisse
1380 1461 1557 1522 Beda
1594 1461 1861 1532 tradidit,
1905 1462 2040 1522 inde
2079 1464 2190 1522 mi-

284 1575 485 1635 grasse
508 1557 573 1617 in
604 1557 999 1618 Britanniam.
1084 1557 1205 1618 Sed
1232 1559 1341 1618 hos
1376 1559 1575 1636 arguit
1610 1557 1814 1618 Vecta
1855 1557 2068 1629 insula,
2093 1561 2190 1618 cui

283 1653 651 1715 vocabulum
676 1656 789 1716 hoc
812 1656 1155 1736 impositum
1186 1664 1277 1716 est
1302 1656 1381 1715 ab
1406 1655 1501 1715 his
1532 1655 1766 1716 incolis.
1868 1655 1996 1716 Pro
2025 1654 2192 1715 Vitis
2235 1641 2238 1644 ⁴

282 1751 391 1811 alii
416 1753 732 1832 scriptores
756 1750 931 1812 Jutas
966 1761 1213 1833 ponunt,
1248 1752 1443 1812 notius
1472 1772 1706 1814 nomen.
1792 1751 2056 1820 Quidam
2084 1743 2191 1832 pu'-

166 1859 175 1867 '
280 1857 416 1909 tant
459 1849 755 1910 habitasse
803 1850 1041 1928 Anglos
1084 1850 1162 1910 ad
1208 1871 1369 1910 mare
1408 1849 1838 1912 Germanicum
1879 1859 1942 1910 et
1976 1847 2205 1910 Albim‘

280 1945 531 2008 fluvium
560 1967 663 2008 eas
684 1957 906 2028 partes,
932 1967 1083 2028 quas
1110 1946 1285 2007 bodie
1312 1945 1784 2025 Luneburgensis
1823 1957 2004 2026 atque
2035 1946 2192 2006 Bru-

282 2045 617 2106 norieensis
656 2045 908 2106 ditiones
959 2053 1273 2124 occupant.
1357 2031 1637 2105 Ceterum
1691 2043 2001 2124 peninsula
2043 2043 2194 2105 inter

282 2142 479 2204 Sliam
514 2151 582 2203 et
605 2142 1055 2221 Flensburgum,
1104 2142 1374 2204 Baltbici
1422 2142 1597 2202 maris
1635 2144 1818 2214 sinus,
1855 2142 2195 2223 incorrupta

281 2240 481 2300 adhuc
524 2239 950 2322 appellatione,
992 2241 1205 2300 veteris
1249 2237 1493 2319 Angliae
1532 2241 1712 2300 situm
1751 2247 2192 2301 commonstrat.

284 2336 521 2400 Ceteris
548 2359 699 2418 quos
734 2337 1206 2409 memoravimus,
1254 2359 1359 2418 per
1393 2336 1738 2398 Germanici
1775 2338 1952 2398 maris
1991 2335 2193 2398 littora

278 2455 491 2496 versus
520 2435 803 2496 orientem
846 2457 885 2496 a
921 2434 1285 2496 Pomerania
1324 2435 1387 2494 in
1421 2434 1754 2506 Prussiam,
1783 2453 1822 2494 a
1847 2435 2194 2512 conjectura

280 2533 481 2612 potius
504 2551 686 2612 quam
711 2533 925 2592 notitia
947 2531 1119 2592 sedes
1142 2521 1525 2610 assignantur.
1611 2529 1780 2590 Nam
1817 2537 1994 2589 aetate
2022 2527 2189 2589 Stra-

278 2629 459 2688 bonis
496 2628 823 2689 Germania
868 2627 1347 2689 Transalbiana⁴
1393 2621 1627 2709 prorsus
1677 2637 1806 2687 erat
1849 2627 2187 2705 incognita:

278 2747 427 2806 cum
458 2723 709 2787 Tacitus
730 2726 1033 2798 scriberet,
1069 2727 1120 2786 is
1149 2744 1385 2806 quoque
1414 2724 1629 2786 fluvius
1659 2723 1808 2784 adiri
1841 2725 1920 2784 ab
1956 2722 2186 2784 Roma·-

280 2825 377 2884 nis
400 2825 711 2904 nequibat.
795 2824 1037 2885 Plinius
1075 2832 1273 2884 autem
1303 2822 1563 2884 Varinos
1596 2821 2014 2884 vandalorum
2049 2819 2192 2880 fecit
2267 2835 2284 2854 ⁸

362 3027 475 3081 18.
518 3019 719 3080 Paulo
742 3021 993 3082 certiora
1016 3027 1175 3092 sunt,
1202 3039 1337 3101 quae
1359 3017 1437 3079 de
1456 3017 1728 3098 gentibus
1743 3015 1822 3077 ad
1844 3015 2191 3078 Danubium

277 3119 603 3199 scriptores
642 3119 819 3198 prisci
864 3118 1249 3180 tradiderunt.
1336 3115 1435 3177 Ex
1488 3115 1580 3175 his
1631 3113 2190 3176 Hermundurorum

280 3225 469 3287 terra,
491 3215 675 3275 Albis
696 3225 827 3276 ortu
854 3225 1082 3288 notata,
1112 3224 1177 3276 et
1208 3214 1429 3276 vicinia
1458 3213 1820 3275 Semnonum
1847 3211 2192 3272 Cattorum-

280 3334 435 3393 que,
458 3314 809 3394 quibuscum
832 3313 909 3374 de
933 3311 1117 3375 fluvio
1148 3312 1294 3373 Sala
1318 3331 1535 3390 magno
1561 3310 1766 3393 praelio
1790 3310 2192 3384 decertarunt,

278 3411 485 3470 minus
506 3410 839 3488 ignoratur:
887 3409 1173 3472 Misniam
1207 3407 1605 3488 etBohemioe
1630 3416 1862 3488 partem
1885 3406 2063 3468 fuisse
2103 3408 2190 3468 in-

280 3509 465 3568 diciis
502 3508 623 3568 illis
660 3507 1119 3569 declarantibus.
1198 3504 1393 3567 Juxta
1430 3505 1884 3566 Hermunduros
1923 3504 2192 3578 Narisci,
2252 3556 2259 3564 .

280 3605 509 3666 deinde
537 3606 953 3667 Marcomanni
976 3613 1040 3665 et
1066 3603 1273 3674 Quadi
1300 3604 1575 3683 agebant.
1660 3600 1950 3662 Nariscos
1989 3601 2192 3683 Voyt-

282 3703 557 3764 landiam
576 3705 1053 3786 superioremque
1074 3702 1489 3762 Palatinatum
1509 3699 1782 3760 habuisse
1805 3705 2036 3780 putant,
2056 3717 2194 3759 cum

281 3799 821 3863 Transdanubiana
870 3799 1135 3861 Boiariae
1182 3798 1470 3880 portione.
1552 3795 1695 3858 Nec
1746 3797 2029 3855 absonum
2081 3804 2193 3866 est,

282 3899 367 3958 ab
396 3898 495 3958 his
518 3917 643 3958 esse
668 3897 1028 3959 vocabulum
1053 3895 1277 3975 regioni
1308 3911 1488 3974 quam
1514 3890 1928 3971 Nordgaviam
1954 3897 2193 3963 vocant,

280 4013 431 4056 eum
455 3995 535 4056 ab
561 3993 883 4055 incolarum
910 3993 1130 4072 vulgo‘
1152 3991 1222 4054 N
1225 3992 1393 4054 arca
1420 3981 1769 4052 nominetur.

364 4098 476 4152 19.
520 4090 859 4152 Moraviam
885 4089 1328 4150 Marcomannis
1353 4086 1531 4148 fuisse
1558 4087 1834 4169 patriam,
1857 4085 2198 4166 priusquam

282 4191 347 4250 in
399 4187 762 4271 Bobemfpm
804 4188 1225 4268 immigrarent,
1276 4187 1384 4246 vix
1428 4184 1755 4262 dubitatur.
1841 4173 1966 4244 His
2014 4173 2197 4245 ferme

346 4340 383 4386 4
427 4334 533 4393 lta,
564 4332 819 4385 suadente
844 4333 1011 4385 Drak.
1045 4349 1141 4399 pro
1164 4333 1477 4383 Transalbina
1512 4331 1563 4380 in
1593 4330 1677 4381 ed.
1715 4331 1868 4382 Crer.
1892 4339 1946 4381 et
1975 4329 2199 4380 stanni-

284 4404 413 4469 pin·
434 4403 486 4450 in
508 4401 597 4454 ad.
617 4403 765 4452 Cler.
784 4405 841 4450 et
866 4401 1002 4448 aliis·

428 4483 609 4542 nem.
636 4489 688 4532 ee
717 4481 833 4532 vav.
855 4465 989 4533 σιω.
1304 4479 1495 4530 Livius.

2247 4473 2394 4526 110
2515 4495 2520 4505 ·
