3300 5234
826 538 1039 589 mum
1087 539 1279 590 CXI}-
1324 539 1982 593 SUPPLBMEN'PUM.
2335 529 2514 600 m

273 679 493 752 dati,
516 680 680 741 baud
718 681 967 743 multum
1014 681 1281 755 abfuere,
1318 683 1459 764 quin
1502 705 1686 766 opera
1724 693 2184 768 perrumperent.

274 778 501 860 Neque
528 789 725 840 tumen
749 779 977 861 depelli
999 781 1079 840 ab
1102 801 1283 862 opere
1310 781 1641 844 Marcellus
1665 785 1880 864 potuit.

356 882 457 936 49.
496 875 769 940 Tandem
809 877 903 938 M.
934 878 1199 960 Lepidus
1223 900 1303 940 ex
1328 879 1599 942 citeriore
1643 881 1976 962 Hispania,
2003 899 2184 962 quam

272 971 583 1034 obtinebat
604 974 947 1053 legionariis
967 975 1307 1036 cohortibus
1341 977 1581 1056 triginta
1610 979 1901 1061 quinque,
1942 996 2187 1058 magno-

274 1088 397 1150 que
420 1071 685 1148 equitatu
725 1077 791 1131 et
828 1071 1183 1132 auxiliorum
1219 1092 1481 1146 numero,
1518 1074 1730 1145 affuit3
1773 1095 1850 1136 ea
1872 1081 2092 1146 mente,
2119 1083 2189 1136 ut

273 1166 407 1226 sine
440 1166 641 1230 studio·
668 1175 733 1230 et
754 1169 851 1228 ira
880 1171 1311 1231 controversias
1348 1171 1615 1251 ejusdem
1655 1174 1844 1256 partis
1883 1173 2188 1260 hominum

274 1274 679 1346 componeret.
762 1265 851 1327 Et
887 1265 1223 1328 Marcellus
1262 1267 1503 1349 quidem
1541 1271 1670 1329 sine
1695 1269 2050 1351 exceptione
2075 1289 2185 1351 pe-

274 1363 399 1422 nit
422 1361 797 1433 advenienti3
844 1363 1089 1425 Cassius
1124 1385 1319 1426 moras
1358 1367 1672 1428 nectebat:
1715 1387 1930 1447 eoque,
1969 1374 2038 1428 ut
2073 1386 2186 1448 pu·-

272 1465 467 1532 tatur,
490 1461 747 1532 conscio,
786 1461 899 1521 sub
932 1461 1121 1522 oculis
1148 1461 1359 1543 Lepidi
1384 1462 1694 1523 castellum
1718 1463 1880 1544 quod
1919 1463 2187 1524 Mareel-

276 1555 377 1616 lus
400 1555 529 1636 regi
546 1557 855 1637 objecerat
876 1566 1284 1640 oppugnatum
1309 1567 1418 1619 est.
1500 1559 1671 1626 Quia
1693 1569 1892 1620 tamen
1917 1561 2188 1623 resistere

274 1659 371 1713 tot
392 1652 723 1732 legionibus
756 1655 1068 1734 nequibat,
1108 1653 1435 1736 eodemque
1464 1663 1728 1737 tempore
1756 1655 1834 1716 C.
1853 1655 2190 1718 Trebonius

274 1769 389 1830 pro
428 1749 669 1810 consule
695 1749 1060 1831 provinciam
1085 1759 1147 1811 et
1170 1752 1491 1812 exercitum
1515 1760 1866 1833 accepturus
1888 1751 2189 1825 veniebat,

278 1847 571 1926 (namque
592 1846 805 1926 legatis
829 1846 1152 1928 Hispaniae
1188 1849 1431 1928 injurias
1464 1848 1867 1910 deferentibus
1889 1869 2190 1910 successo-

276 1961 407 2002 rem
434 1940 643 2003 Canio
666 1943 905 2004 miserat
930 1942 1161 2022 em)
1190 1943 1443 2005 liberum
1466 1945 1696 2006 abitum
1721 1953 1956 2028 pacuis,
1975 1965 2192 2008 navem

276 2039 651 2112 conscendit,
696 2049 759 2100 et
798 2041 861 2099 in
898 2040 1055 2100 ostio
1096 2038 1355 2100 fluminis
1399 2039 1567 2103 Iberi
1613 2061 1750 2102 cum
1801 2041 2024 2123 rapinis
2069 2041 2195 2104 suit

277 2142 631 2216 tempestate
654 2144 749 2196 est
771 2137 1037 2196 obrutus.

362 2237 471 2292 50.
514 2230 615 2294 Sic
644 2253 685 2294 a
706 2233 935 2311 maguis
958 2232 1108 2294 belli
1132 2233 1313 2294 minis
1338 2232 1645 2314 Hispania
1681 2252 2000 2315 parumper
2024 2231 2191 2313 quie-

284 2327 397 2390 vit.
484 2327 727 2390 Cassius
749 2329 909 2390 enim
936 2331 1135 2406 (tauta
1158 2339 1287 2391 erat
1312 2331 1569 2391 hominis
1587 2329 1898 2405 vecordia)
1923 2331 2194 2414 gessisset
2245 2339 2356 2391 Ην.
2379 2353 2516 2392 oxu.

280 2433 349 2486 et
367 2445 511 2486 cum
547 2424 843 2487 'li-ebonio
878 2425 1127 2499 bellum,
1166 2427 1219 2486 si
1258 2426 1573 2506 Bogudem
1596 2425 1871 2488 trabere
1855 2447 1914 2486 ιιι
1939 2421 2292 2521 secieto-⁸1²·
2313 2405 2392 2457 P'
2357 2421 2466 2456 '‘¹⁸‘'

280 2531 404 2583 tem
448 2521 661 2584 furoris
700 2523 1009 2604 potuisset.
1092 2522 1189 2584 Μ.
1235 2523 1588 2596 Marcellus,
1627 2523 1790 2605 quod
1832 2543 1896 2584 se
1941 2523 2192 2604 tempori
2214 2488 2335 2587 Dxio.

281 2619 758 2682 aeeommodasse
782 2621 945 2682 visus
978 2628 1130 2694 erat,
1157 2621 1347 2702 primo
1380 2620 1621 2702 quidem
1661 2621 1878 2682 iratum
1914 2627 2196 2702 expertus

284 2716 615 2790 omrem,
634 2717 842 2799 procul
868 2719 1066 2800 petria
1097 2719 1285 2780 vitam
1326 2719 1487 2798 egit:
1530 2725 1742 2800 postea
1779 2725 1980 2778 tamen
2022 2737 2194 2786 reve,-

280 2823 479 2886 estus,
503 2814 752 2875 bonores
775 2815 959 2875 etiam
985 2815 1159 2896 petiit
1180 2815 1499 2896 gessitque.
1557 2812 1708 2876 Hoc
1731 2815 1993 2876 maxime
2017 2812 2196 2876 modo

284 2909 711 2992 Hispaniemis
732 2919 927 2974 motus
950 2913 1143 2974 acrior
1176 2931 1359 2992 quum
1396 2911 1755 2994 pertinacior
1790 2910 1964 2972 initia
1985 2908 2195 2981 finem·

294 3027 417 3090 que
442 3007 669 3069 babuit.

366 3111 471 3166 51.
514 3103 591 3166 In
620 3104 877 3187 Illyrico
898 3105 1145 3185 majoris
1177 3104 1483 3186 aliquanto
1506 3104 1906 3167 dimicationis
1943 3125 2068 3166 rem
2095 3103 2192 3168 M.
2217 3117 2352 3170 Birt.

286 3201 583 3264 Octavius
604 3203 911 3266 effecerat.
985 3201 1142 3264 Eam
1164 3203 1535 3285 provinciam
1556 3204 1643 3271 Q.
1673 3201 2032 3266 Cornificius
2055 3203 2194 3264 Cte-

282 3299 433 3360 saris
464 3307 724 3380 quaestor
760 3321 869 3382 pro
894 3308 1145 3381 pretore
1184 3298 1417 3361 fortiter
1455 3299 1826 3381 feliciterque
1859 3299 2196 3370 obtinebat,

282 3398 481 3479 captis
504 3398 687 3458 etiam
712 3397 919 3458 multis
942 3397 1185 3458 Octavii
1209 3398 1483 3469 navibus,
1508 3398 1717 3458 cumis
1741 3416 1821 3459 ex
1839 3395 2200 3458 Pharsalica

284 3492 431 3574 fuga
454 3495 515 3554 in
542 3496 733 3556 sinum
762 3493 1133 3556 Iadertiuum
1156 3515 1221 3558 se
1246 3496 1577 3576 recepisset.
1650 3496 1748 3557 At
1763 3494 1994 3564 Cesar,
2019 3491 2197 3554 intel-

282 3591 445 3654 lecto
462 3591 683 3654 multos
698 3591 955 3654 hostium
975 3592 1055 3652 ob
1074 3593 1573 3674 propinquitatem
1592 3591 1858 3654 locorum
1883 3589 2200 3672 Illyricum

284 3690 527 3770 petisse,
570 3689 773 3770 ibique
818 3689 1101 3768 colligere
1146 3689 1439 3771 dispersas
1480 3709 1722 3751 suorum
1761 3687 2068 3769 reliquias,
2107 3687 2198 3750 A.

285 3785 561 3847 Gabinio
580 3787 915 3867 scripserat,
957 3786 1045 3846 uti
1068 3805 1205 3848 eum
1230 3785 1567 3865 legionibus
1590 3785 1868 3858 tironum,
1902 3804 2055 3864 quas
2090 3785 2200 3848 ha·

282 3883 493 3954 bebat,
528 3881 847 3964 Illyricum
871 3891 1119 3964 peteret,
1145 3885 1471 3962 conjuncta
1495 3901 1631 3943 cum
1671 3879 1996 3944 Cornificio
2017 3900 2202 3962 opera

281 3979 671 4050 defensurum
716 3981 1061 4040 trausimrus
1100 3980 1429 4060 quinimmo
1462 3980 1525 4040 in
1553 3977 2001 4050 Macedoniam,
2027 3977 2081 4038 si
2105 3997 2200 4040 res

286 4085 629 4159 peteretur:
670 4097 807 4137 uam
834 4078 893 4138 in
920 4075 1285 4138 Macedonia
1310 4083 1658 4138 renovatum
1679 4075 1753 4136 iri
1776 4073 2024 4148 bellum,
2049 4093 2200 4136 non·

284 4173 435 4236 dum
458 4174 704 4253 cognita
726 4173 1003 4255 Pompeii
1030 4173 1195 4254 fuga,
1220 4171 1579 4234 crediderat.

370 4279 477 4334 52.
522 4270 645 4332 Sed
669 4271 1020 4341 Gabinium,
1038 4271 1293 4352 peritum
1318 4269 1466 4332 belli
1486 4269 1808 4341 bominem,
1827 4277 1892 4330 et
1915 4269 2204 4330 hactenus

290 4369 489 4430 felicis
527 4367 818 4442 audaciae‚
858 4367 1095 4429 fortuna
1130 4367 1285 4429 adeo
1309 4367 1603 4440 destituit,
1636 4375 1706 4428 ut
1743 4367 1935 4427 multa
1955 4364 2200 4447 nequio-
