<?xml version="1.0" encoding="UTF-8"?>
<!DOCTYPE html PUBLIC "-//W3C//DTD XHTML 1.0 Transitional//EN"
    "http://www.w3.org/TR/xhtml1/DTD/xhtml1-transitional.dtd">
<html xmlns="http://www.w3.org/1999/xhtml" xml:lang="en" lang="en">
 <head>
  <title>
</title>
<meta http-equiv="Content-Type" content="text/html;charset=utf-8" />
  <meta name='ocr-system' content='tesseract 3.04.00' />
  <meta name='ocr-capabilities' content='ocr_page ocr_carea ocr_par ocr_line ocrx_word'/>
</head>
<body>
  <div class='ocr_page' id='page_1' title='image "./tliviipatavinih35unkngoog/tliviipatavinih35unkngoog_0412.png"; bbox 0 0 3300 5234; ppageno 0'>
   <div class='ocr_carea' id='block_1_1' title="bbox 738 523 2027 589">
    <p class='ocr_par' dir='ltr' id='par_1_1' title="bbox 738 523 2027 589">
     <span class='ocr_line' id='line_1_1' title="bbox 738 523 2027 589; baseline -0.005 0"><span class='ocrx_word' id='word_1_1' title='bbox 738 523 914 589; x_wconf 77' lang='lat'>5354</span> <span class='ocrx_word' id='word_1_2' title='bbox 1708 537 1783 589; x_wconf 76' lang='grc' dir='ltr'><strong>τ.</strong></span> <span class='ocrx_word' id='word_1_3' title='bbox 1830 535 2027 586; x_wconf 77' lang='lat' dir='ltr'><strong>mvn</strong></span> 
     </span>
    </p>
   </div>
   <div class='ocr_carea' id='block_1_2' title="bbox 677 675 2987 1826">
    <p class='ocr_par' dir='ltr' id='par_1_2' title="bbox 1063 675 2987 761">
     <span class='ocr_line' id='line_1_2' title="bbox 1063 675 2987 761; baseline -0.001 -23"><span class='ocrx_word' id='word_1_4' title='bbox 1063 680 1226 741; x_wconf 87' lang='lat' dir='ltr'><strong>niam</strong></span> <span class='ocrx_word' id='word_1_5' title='bbox 1253 681 1426 752; x_wconf 81' lang='lat' dir='ltr'><strong>adiit,</strong></span> <span class='ocrx_word' id='word_1_6' title='bbox 1451 679 1735 741; x_wconf 84' lang='lat' dir='ltr'><strong>custodiri</strong></span> <span class='ocrx_word' id='word_1_7' title='bbox 1761 695 1989 761; x_wconf 83' lang='lat' dir='ltr'><strong>petens,</strong></span> <span class='ocrx_word' id='word_1_8' title='bbox 2008 677 2200 742; x_wconf 87' lang='lat' dir='ltr'><strong>donec</strong></span> <span class='ocrx_word' id='word_1_9' title='bbox 2217 676 2425 738; x_wconf 75' lang='lat' dir='ltr'><strong>Caesar</strong></span> <span class='ocrx_word' id='word_1_10' title='bbox 2448 675 2730 737; x_wconf 81' lang='lat' dir='ltr'><strong>redisset:</strong></span> <span class='ocrx_word' id='word_1_11' title='bbox 2776 685 2795 711; x_wconf 93' lang='lat'>‘</span> <span class='ocrx_word' id='word_1_12' title='bbox 2812 697 2987 756; x_wconf 74' lang='lat' dir='ltr'><strong>mag-</strong></span> 
     </span>
    </p>

    <p class='ocr_par' dir='ltr' id='par_1_3' title="bbox 1061 774 2985 839">
     <span class='ocr_line' id='line_1_3' title="bbox 1061 774 2985 839; baseline -0.001 -3"><span class='ocrx_word' id='word_1_13' title='bbox 1061 797 1272 838; x_wconf 81' lang='lat' dir='ltr'><strong>narum</strong></span> <span class='ocrx_word' id='word_1_14' title='bbox 1297 779 1454 839; x_wconf 89' lang='lat' dir='ltr'><strong>enim</strong></span> <span class='ocrx_word' id='word_1_15' title='bbox 1491 798 1685 838; x_wconf 86' lang='lat' dir='ltr'><strong>rerum</strong></span> <span class='ocrx_word' id='word_1_16' title='bbox 1726 797 1791 838; x_wconf 89' lang='lat' dir='ltr'><strong>se</strong></span> <span class='ocrx_word' id='word_1_17' title='bbox 1836 777 2045 838; x_wconf 86' lang='lat' dir='ltr'><strong>adesse</strong></span> <span class='ocrx_word' id='word_1_18' title='bbox 2092 775 2389 836; x_wconf 61' lang='lat' dir='ltr'><strong>iudicem?</strong></span> <span class='ocrx_word' id='word_1_19' title='bbox 2474 774 2599 834; x_wconf 88' lang='lat' dir='ltr'><strong>Sed</strong></span> <span class='ocrx_word' id='word_1_20' title='bbox 2623 782 2687 835; x_wconf 92' lang='lat' dir='ltr'><strong>et</strong></span> <span class='ocrx_word' id='word_1_21' title='bbox 2710 774 2985 834; x_wconf 88' lang='lat' dir='ltr'><strong>Artemi-</strong></span> 
     </span>
    </p>

    <p class='ocr_par' dir='ltr' id='par_1_4' title="bbox 1019 870 2987 955">
     <span class='ocr_line' id='line_1_4' title="bbox 1019 870 2987 955; baseline -0.002 -20"><span class='ocrx_word' id='word_1_22' title='bbox 1019 943 1024 948; x_wconf 83' lang='lat'><strong>.</strong></span> <span class='ocrx_word' id='word_1_23' title='bbox 1063 873 1244 934; x_wconf 85' lang='lat' dir='ltr'><strong>dorus</strong></span> <span class='ocrx_word' id='word_1_24' title='bbox 1285 873 1568 944; x_wconf 86' lang='lat' dir='ltr'><strong>Gnidius,</strong></span> <span class='ocrx_word' id='word_1_25' title='bbox 1595 875 1699 955; x_wconf 91' lang='lat' dir='ltr'><strong>qui</strong></span> <span class='ocrx_word' id='word_1_26' title='bbox 1742 883 1983 955; x_wconf 86' lang='lat' dir='ltr'><strong>propter</strong></span> <span class='ocrx_word' id='word_1_27' title='bbox 2022 872 2238 950; x_wconf 81' lang='lat' dir='ltr'><strong>linguae</strong></span> <span class='ocrx_word' id='word_1_28' title='bbox 2280 871 2517 930; x_wconf 77' lang='lat' dir='ltr'><strong>Gnaecae</strong></span> <span class='ocrx_word' id='word_1_29' title='bbox 2558 870 2987 952; x_wconf 76' lang='lat' dir='ltr'><strong>professionem</strong></span> 
     </span>
    </p>

    <p class='ocr_par' dir='ltr' id='par_1_5' title="bbox 1064 966 2987 1052">
     <span class='ocr_line' id='line_1_5' title="bbox 1064 966 2987 1052; baseline -0.001 -22"><span class='ocrx_word' id='word_1_30' title='bbox 1064 969 1366 1052; x_wconf 84' lang='lat' dir='ltr'><strong>plerisque</strong></span> <span class='ocrx_word' id='word_1_31' title='bbox 1393 971 1572 1030; x_wconf 81' lang='lat' dir='ltr'><strong>Bruti</strong></span> <span class='ocrx_word' id='word_1_32' title='bbox 1595 969 1993 1031; x_wconf 70' lang='lat' dir='ltr'><strong>familiaribus</strong></span> <span class='ocrx_word' id='word_1_33' title='bbox 2024 977 2220 1039; x_wconf 81' lang='lat' dir='ltr'><strong>notus,</strong></span> <span class='ocrx_word' id='word_1_34' title='bbox 2246 966 2495 1028; x_wconf 86' lang='lat' dir='ltr'><strong>consilia</strong></span> <span class='ocrx_word' id='word_1_35' title='bbox 2528 988 2731 1028; x_wconf 86' lang='lat' dir='ltr'><strong>eorum</strong></span> <span class='ocrx_word' id='word_1_36' title='bbox 2758 967 2987 1028; x_wconf 86' lang='lat' dir='ltr'><strong>olfece-</strong></span> 
     </span>
    </p>

    <p class='ocr_par' dir='ltr' id='par_1_6' title="bbox 737 1063 2987 1148">
     <span class='ocr_line' id='line_1_6' title="bbox 737 1063 2987 1148; baseline -0.003 -18"><span class='ocrx_word' id='word_1_37' title='bbox 737 1083 939 1131; x_wconf 80' lang='lat' dir='ltr'><strong>sneton.</strong></span> <span class='ocrx_word' id='word_1_38' title='bbox 1065 1077 1180 1140; x_wconf 86' lang='lat' dir='ltr'><strong>rat,</strong></span> <span class='ocrx_word' id='word_1_39' title='bbox 1207 1067 1413 1128; x_wconf 88' lang='lat' dir='ltr'><strong>libello</strong></span> <span class='ocrx_word' id='word_1_40' title='bbox 1435 1076 1727 1148; x_wconf 78' lang='lat' dir='ltr'><strong>porrecto,</strong></span> <span class='ocrx_word' id='word_1_41' title='bbox 1752 1087 1891 1128; x_wconf 89' lang='lat' dir='ltr'><strong>cum</strong></span> <span class='ocrx_word' id='word_1_42' title='bbox 1917 1065 2167 1128; x_wconf 81' lang='lat' dir='ltr'><strong>vidisset</strong></span> <span class='ocrx_word' id='word_1_43' title='bbox 2201 1064 2351 1124; x_wconf 85' lang='lat' dir='ltr'><strong>alios</strong></span> <span class='ocrx_word' id='word_1_44' title='bbox 2375 1065 2488 1146; x_wconf 85' lang='lat' dir='ltr'><strong>ipsi</strong></span> <span class='ocrx_word' id='word_1_45' title='bbox 2514 1063 2749 1124; x_wconf 88' lang='lat' dir='ltr'><strong>oblatos</strong></span> <span class='ocrx_word' id='word_1_46' title='bbox 2774 1066 2987 1125; x_wconf 83' lang='lat' dir='ltr'><strong>amicis</strong></span> 
     </span>
    </p>

    <p class='ocr_par' dir='ltr' id='par_1_7' title="bbox 739 1146 2985 1260">
     <span class='ocr_line' id='line_1_7' title="bbox 739 1146 2985 1260; baseline -0.002 -33"><span class='ocrx_word' id='word_1_47' title='bbox 739 1146 901 1260; x_wconf 45' lang='lat' dir='ltr'><strong>Dssffit·</strong></span> <span class='ocrx_word' id='word_1_48' title='bbox 920 1217 971 1258; x_wconf 82' lang='lat' dir='ltr'><strong>et</strong></span> <span class='ocrx_word' id='word_1_49' title='bbox 1063 1165 1419 1237; x_wconf 70' lang='lat' dir='ltr'>tradentem,</span> <span class='ocrx_word' id='word_1_50' title='bbox 1445 1175 1463 1201; x_wconf 90' lang='lat'>‘</span> <span class='ocrx_word' id='word_1_51' title='bbox 1491 1164 1726 1236; x_wconf 88' lang='lat' dir='ltr'><strong>Hunc‚&#39;</strong></span> <span class='ocrx_word' id='word_1_52' title='bbox 1754 1166 1863 1236; x_wconf 86' lang='lat' dir='ltr'><strong>ait,</strong></span> <span class='ocrx_word' id='word_1_53' title='bbox 1886 1174 1903 1201; x_wconf 82' lang='lat'><em>⁶</em></span> <span class='ocrx_word' id='word_1_54' title='bbox 1936 1183 2133 1245; x_wconf 83' lang='lat' dir='ltr'><strong>operae</strong></span> <span class='ocrx_word' id='word_1_55' title='bbox 2152 1164 2512 1243; x_wconf 84' lang='lat' dir='ltr'><strong>pretiumest</strong></span> <span class='ocrx_word' id='word_1_56' title='bbox 2536 1163 2661 1244; x_wconf 70' lang='lat' dir='ltr'><strong>ipoe</strong></span> <span class='ocrx_word' id='word_1_57' title='bbox 2686 1149 2985 1244; x_wconf 74' lang='lat' dir='ltr'><strong>perlegas,</strong></span> 
     </span>
    </p>

    <p class='ocr_par' dir='ltr' id='par_1_8' title="bbox 735 1259 2985 1342">
     <span class='ocr_line' id='line_1_8' title="bbox 735 1259 2985 1342; baseline -0.003 -18"><span class='ocrx_word' id='word_1_58' title='bbox 735 1275 952 1341; x_wconf 65' lang='lat' dir='ltr'><strong>Appia.</strong></span> <span class='ocrx_word' id='word_1_59' title='bbox 1061 1271 1127 1322; x_wconf 89' lang='lat' dir='ltr'><strong>et</strong></span> <span class='ocrx_word' id='word_1_60' title='bbox 1163 1262 1329 1323; x_wconf 87' lang='lat' dir='ltr'><strong>cito.&#39;</strong></span> <span class='ocrx_word' id='word_1_61' title='bbox 1410 1261 1532 1322; x_wconf 89' lang='lat' dir='ltr'><strong>Sed</strong></span> <span class='ocrx_word' id='word_1_62' title='bbox 1558 1282 1715 1342; x_wconf 82' lang='lat' dir='ltr'><strong>saepe</strong></span> <span class='ocrx_word' id='word_1_63' title='bbox 1748 1271 2065 1322; x_wconf 78' lang='lat' dir='ltr'><strong>conantem</strong></span> <span class='ocrx_word' id='word_1_64' title='bbox 2100 1259 2351 1320; x_wconf 78' lang='lat' dir='ltr'><strong>subinde</strong></span> <span class='ocrx_word' id='word_1_65' title='bbox 2392 1260 2849 1319; x_wconf 72' lang='lat' dir='ltr'><strong>intervenientes</strong></span> <span class='ocrx_word' id='word_1_66' title='bbox 2874 1259 2985 1319; x_wconf 89' lang='lat' dir='ltr'><strong>alii</strong></span> 
     </span>
    </p>

    <p class='ocr_par' dir='ltr' id='par_1_9' title="bbox 677 1334 2987 1517">
     <span class='ocr_line' id='line_1_9' title="bbox 677 1334 2987 1439; baseline -0.001 -20"><span class='ocrx_word' id='word_1_67' title='bbox 677 1334 688 1353; x_wconf 50' lang='lat'>⁵</span> <span class='ocrx_word' id='word_1_68' title='bbox 1059 1359 1504 1439; x_wconf 71' lang='lat' dir='ltr'><strong>salutantesque</strong></span> <span class='ocrx_word' id='word_1_69' title='bbox 1555 1367 1931 1420; x_wconf 84' lang='lat' dir='ltr'><strong>averterunt:</strong></span> <span class='ocrx_word' id='word_1_70' title='bbox 1976 1377 2271 1438; x_wconf 89' lang='lat' dir='ltr'><strong>manuque</strong></span> <span class='ocrx_word' id='word_1_71' title='bbox 2312 1355 2582 1416; x_wconf 88' lang='lat' dir='ltr'><strong>libellum</strong></span> <span class='ocrx_word' id='word_1_72' title='bbox 2628 1365 2835 1416; x_wconf 88' lang='lat' dir='ltr'><strong>tenens</strong></span> <span class='ocrx_word' id='word_1_73' title='bbox 2877 1377 2987 1416; x_wconf 89' lang='lat' dir='ltr'><strong>cu-</strong></span> 
     </span>
     <span class='ocr_line' id='line_1_10' title="bbox 1059 1455 1481 1517; baseline 0.002 -3"><span class='ocrx_word' id='word_1_74' title='bbox 1059 1455 1211 1515; x_wconf 87' lang='lat' dir='ltr'><strong>riam</strong></span> <span class='ocrx_word' id='word_1_75' title='bbox 1239 1456 1481 1517; x_wconf 86' lang='lat' dir='ltr'><strong>introiit.</strong></span> 
     </span>
    </p>

    <p class='ocr_par' dir='ltr' id='par_1_10' title="bbox 732 1547 2987 1632">
     <span class='ocr_line' id='line_1_11' title="bbox 732 1547 2987 1632; baseline -0.003 -19"><span class='ocrx_word' id='word_1_76' title='bbox 732 1564 866 1614; x_wconf 83' lang='lat' dir='ltr'><strong>Plut.</strong></span> <span class='ocrx_word' id='word_1_77' title='bbox 889 1565 1033 1615; x_wconf 84' lang='lat' dir='ltr'><strong>Brut.</strong></span> <span class='ocrx_word' id='word_1_78' title='bbox 1143 1559 1244 1613; x_wconf 80' lang='lat'><strong>51.</strong></span> <span class='ocrx_word' id='word_1_79' title='bbox 1289 1552 1419 1612; x_wconf 90' lang='lat' dir='ltr'><strong>Sub</strong></span> <span class='ocrx_word' id='word_1_80' title='bbox 1445 1551 1602 1612; x_wconf 90' lang='lat' dir='ltr'><strong>idem</strong></span> <span class='ocrx_word' id='word_1_81' title='bbox 1627 1560 1859 1632; x_wconf 78' lang='lat' dir='ltr'><strong>tempus</strong></span> <span class='ocrx_word' id='word_1_82' title='bbox 1886 1569 1993 1630; x_wconf 88' lang='lat' dir='ltr'><strong>pro</strong></span> <span class='ocrx_word' id='word_1_83' title='bbox 2012 1548 2297 1610; x_wconf 87' lang='lat' dir='ltr'><strong>tribunali</strong></span> <span class='ocrx_word' id='word_1_84' title='bbox 2323 1549 2547 1610; x_wconf 84' lang='lat' dir='ltr'><strong>Brutus</strong></span> <span class='ocrx_word' id='word_1_85' title='bbox 2560 1551 2665 1628; x_wconf 87' lang='lat' dir='ltr'><strong>jus</strong></span> <span class='ocrx_word' id='word_1_86' title='bbox 2688 1547 2987 1608; x_wconf 86' lang='lat' dir='ltr'><strong>reddebat</strong></span> 
     </span>
    </p>

    <p class='ocr_par' dir='ltr' id='par_1_11' title="bbox 1063 1645 2977 1726">
     <span class='ocr_line' id='line_1_12' title="bbox 1063 1645 2977 1726; baseline -0.002 -18"><span class='ocrx_word' id='word_1_87' title='bbox 1063 1650 1148 1709; x_wconf 89' lang='lat' dir='ltr'><strong>ita</strong></span> <span class='ocrx_word' id='word_1_88' title='bbox 1173 1669 1378 1709; x_wconf 85' lang='lat' dir='ltr'><strong>securo</strong></span> <span class='ocrx_word' id='word_1_89' title='bbox 1407 1649 1600 1720; x_wconf 80' lang='lat' dir='ltr'><strong>vultu,</strong></span> <span class='ocrx_word' id='word_1_90' title='bbox 1629 1658 1697 1708; x_wconf 92' lang='lat' dir='ltr'><strong>ut</strong></span> <span class='ocrx_word' id='word_1_91' title='bbox 1722 1648 1944 1707; x_wconf 88' lang='lat' dir='ltr'><strong>nullius</strong></span> <span class='ocrx_word' id='word_1_92' title='bbox 1970 1647 2189 1707; x_wconf 87' lang='lat' dir='ltr'><strong>insoliti</strong></span> <span class='ocrx_word' id='word_1_93' title='bbox 2210 1647 2445 1707; x_wconf 88' lang='lat' dir='ltr'><strong>consilii</strong></span> <span class='ocrx_word' id='word_1_94' title='bbox 2472 1655 2614 1706; x_wconf 85' lang='lat' dir='ltr'><strong>nota</strong></span> <span class='ocrx_word' id='word_1_95' title='bbox 2648 1645 2977 1726; x_wconf 86' lang='lat' dir='ltr'><strong>deprehen-</strong></span> 
     </span>
    </p>

    <p class='ocr_par' dir='ltr' id='par_1_12' title="bbox 1059 1742 2982 1826">
     <span class='ocr_line' id='line_1_13' title="bbox 1059 1742 2982 1826; baseline -0.001 -23"><span class='ocrx_word' id='word_1_96' title='bbox 1059 1745 1317 1804; x_wconf 86' lang='lat' dir='ltr'><strong>deretur.</strong></span> <span class='ocrx_word' id='word_1_97' title='bbox 1400 1744 1664 1804; x_wconf 84' lang='lat' dir='ltr'><strong>Cuidam</strong></span> <span class='ocrx_word' id='word_1_98' title='bbox 1709 1753 1907 1803; x_wconf 88' lang='lat' dir='ltr'><strong>tamen</strong></span> <span class='ocrx_word' id='word_1_99' title='bbox 1934 1743 2265 1826; x_wconf 84' lang='lat' dir='ltr'><strong>appellanti</strong></span> <span class='ocrx_word' id='word_1_100' title='bbox 2309 1743 2609 1803; x_wconf 70' lang='lat' dir='ltr'><strong>Caesarem</strong></span> <span class='ocrx_word' id='word_1_101' title='bbox 2649 1742 2982 1824; x_wconf 85' lang='lat' dir='ltr'><strong>respondit,</strong></span> 
     </span>
    </p>
   </div>
   <div class='ocr_carea' id='block_1_3' title="bbox 1061 1837 2981 1920">
    <p class='ocr_par' dir='ltr' id='par_1_13' title="bbox 1061 1837 2981 1920">
     <span class='ocr_line' id='line_1_14' title="bbox 1061 1837 2981 1920; baseline -0.001 -21"><span class='ocrx_word' id='word_1_102' title='bbox 1061 1850 1076 1875; x_wconf 86' lang='lat'>‘</span> <span class='ocrx_word' id='word_1_103' title='bbox 1111 1840 1334 1919; x_wconf 89' lang='lat' dir='ltr'><strong>Neque</strong></span> <span class='ocrx_word' id='word_1_104' title='bbox 1361 1840 1636 1920; x_wconf 87' lang='lat' dir='ltr'><strong>prohibet</strong></span> <span class='ocrx_word' id='word_1_105' title='bbox 1676 1859 1771 1900; x_wconf 90' lang='lat' dir='ltr'><strong>me</strong></span> <span class='ocrx_word' id='word_1_106' title='bbox 1802 1842 1910 1919; x_wconf 83' lang='lat' dir='ltr'><strong>jus</strong></span> <span class='ocrx_word' id='word_1_107' title='bbox 1942 1840 2263 1900; x_wconf 88' lang='lat' dir='ltr'><strong>secundum</strong></span> <span class='ocrx_word' id='word_1_108' title='bbox 2308 1839 2471 1917; x_wconf 82' lang='lat' dir='ltr'><strong>leges</strong></span> <span class='ocrx_word' id='word_1_109' title='bbox 2502 1837 2700 1899; x_wconf 87' lang='lat' dir='ltr'><strong>dicere</strong></span> <span class='ocrx_word' id='word_1_110' title='bbox 2743 1838 2981 1908; x_wconf 78' lang='lat' dir='ltr'><strong>Caesar,</strong></span> 
     </span>
    </p>
   </div>
   <div class='ocr_carea' id='block_1_4' title="bbox 731 1935 2985 2213">
    <p class='ocr_par' dir='ltr' id='par_1_14' title="bbox 731 1935 2985 2213">
     <span class='ocr_line' id='line_1_15' title="bbox 733 1935 2981 2018; baseline -0.002 -18"><span class='ocrx_word' id='word_1_111' title='bbox 733 1952 853 2002; x_wconf 81' lang='lat' dir='ltr'><strong>Dio.</strong></span> <span class='ocrx_word' id='word_1_112' title='bbox 1059 1957 1249 2017; x_wconf 89' lang='lat' dir='ltr'><strong>neque</strong></span> <span class='ocrx_word' id='word_1_113' title='bbox 1274 1937 1652 2018; x_wconf 88' lang='lat' dir='ltr'><strong>prohibebit.’</strong></span> <span class='ocrx_word' id='word_1_114' title='bbox 1737 1937 1981 1996; x_wconf 84' lang='lat' dir='ltr'><strong>Interea</strong></span> <span class='ocrx_word' id='word_1_115' title='bbox 2008 1939 2309 1997; x_wconf 85' lang='lat' dir='ltr'><strong>nuntiatur</strong></span> <span class='ocrx_word' id='word_1_116' title='bbox 2328 1939 2383 1998; x_wconf 87' lang='lat' dir='ltr'><strong>ei</strong></span> <span class='ocrx_word' id='word_1_117' title='bbox 2412 1957 2659 1997; x_wconf 81' lang='lat' dir='ltr'><strong>uxorem</strong></span> <span class='ocrx_word' id='word_1_118' title='bbox 2688 1935 2981 1996; x_wconf 83' lang='lat' dir='ltr'><strong>Porciam</strong></span> 
     </span>
     <span class='ocr_line' id='line_1_16' title="bbox 731 2018 2985 2132; baseline -0 -39"><span class='ocrx_word' id='word_1_119' title='bbox 731 2019 885 2132; x_wconf 43' lang='lat'><strong>¹33¹}</strong></span> <span class='ocrx_word' id='word_1_120' title='bbox 899 2018 1033 2067; x_wconf 54' lang='lat'><strong>²¹²¹·</strong></span> <span class='ocrx_word' id='word_1_121' title='bbox 1056 2033 1336 2107; x_wconf 87' lang='lat' dir='ltr'><strong>deficere,</strong></span> <span class='ocrx_word' id='word_1_122' title='bbox 1397 2054 1535 2115; x_wconf 82' lang='lat' dir='ltr'><strong>quae</strong></span> <span class='ocrx_word' id='word_1_123' title='bbox 1585 2055 1707 2094; x_wconf 84' lang='lat' dir='ltr'><strong>una</strong></span> <span class='ocrx_word' id='word_1_124' title='bbox 1752 2034 2067 2094; x_wconf 86' lang='lat' dir='ltr'><strong>mulierum</strong></span> <span class='ocrx_word' id='word_1_125' title='bbox 2112 2035 2563 2116; x_wconf 85' lang='lat' dir='ltr'><strong>conspirationis</strong></span> <span class='ocrx_word' id='word_1_126' title='bbox 2611 2035 2793 2114; x_wconf 88' lang='lat' dir='ltr'><strong>hujus</strong></span> <span class='ocrx_word' id='word_1_127' title='bbox 2850 2044 2985 2093; x_wconf 85' lang='lat' dir='ltr'><strong>erat</strong></span> 
     </span>
     <span class='ocr_line' id='line_1_17' title="bbox 732 2119 2977 2213; baseline -0.002 -19"><span class='ocrx_word' id='word_1_128' title='bbox 732 2119 868 2196; x_wconf 62' lang='lat' dir='ltr'><strong>Pldt.</strong></span> <span class='ocrx_word' id='word_1_129' title='bbox 890 2120 904 2135; x_wconf 61' lang='lat'><strong>⁹</strong></span> <span class='ocrx_word' id='word_1_130' title='bbox 1057 2133 1318 2193; x_wconf 87' lang='lat' dir='ltr'><strong>conscia.</strong></span> <span class='ocrx_word' id='word_1_131' title='bbox 1378 2132 1622 2213; x_wconf 80' lang='lat' dir='ltr'><strong>Quippe</strong></span> <span class='ocrx_word' id='word_1_132' title='bbox 1650 2133 1927 2192; x_wconf 85' lang='lat' dir='ltr'><strong>maritum</strong></span> <span class='ocrx_word' id='word_1_133' title='bbox 1955 2141 2169 2212; x_wconf 81' lang='lat' dir='ltr'><strong>praeter</strong></span> <span class='ocrx_word' id='word_1_134' title='bbox 2196 2152 2415 2192; x_wconf 89' lang='lat' dir='ltr'><strong>morem</strong></span> <span class='ocrx_word' id='word_1_135' title='bbox 2440 2133 2761 2212; x_wconf 88' lang='lat' dir='ltr'><strong>inquietari</strong></span> <span class='ocrx_word' id='word_1_136' title='bbox 2784 2131 2977 2190; x_wconf 87' lang='lat' dir='ltr'><strong>anim-</strong></span> 
     </span>
    </p>
   </div>
   <div class='ocr_carea' id='block_1_5' title="bbox 718 2226 3033 4344">
    <p class='ocr_par' dir='ltr' id='par_1_15' title="bbox 725 2226 2977 2601">
     <span class='ocr_line' id='line_1_18' title="bbox 1059 2226 2973 2308; baseline -0.001 -21"><span class='ocrx_word' id='word_1_137' title='bbox 1059 2227 1395 2301; x_wconf 84' lang='lat' dir='ltr'><strong>advertens,</strong></span> <span class='ocrx_word' id='word_1_138' title='bbox 1439 2249 1632 2308; x_wconf 90' lang='lat' dir='ltr'><strong>neque</strong></span> <span class='ocrx_word' id='word_1_139' title='bbox 1677 2228 1900 2288; x_wconf 84' lang='lat' dir='ltr'><strong>fatente</strong></span> <span class='ocrx_word' id='word_1_140' title='bbox 1943 2226 2072 2301; x_wconf 89' lang='lat' dir='ltr'><strong>illo,</strong></span> <span class='ocrx_word' id='word_1_141' title='bbox 2116 2249 2239 2288; x_wconf 88' lang='lat' dir='ltr'><strong>rem</strong></span> <span class='ocrx_word' id='word_1_142' title='bbox 2266 2229 2547 2306; x_wconf 78' lang='lat' dir='ltr'><strong>grandem</strong></span> <span class='ocrx_word' id='word_1_143' title='bbox 2588 2236 2653 2288; x_wconf 88' lang='lat' dir='ltr'><strong>et</strong></span> <span class='ocrx_word' id='word_1_144' title='bbox 2684 2247 2973 2287; x_wconf 82' lang='lat' dir='ltr'><strong>arcanam</strong></span> 
     </span>
     <span class='ocr_line' id='line_1_19' title="bbox 761 2321 2977 2408; baseline 0 -24"><span class='ocrx_word' id='word_1_145' title='bbox 761 2343 981 2408; x_wconf 75' lang='lat' dir='ltr'><strong>Polyaen.</strong></span> <span class='ocrx_word' id='word_1_146' title='bbox 999 2357 1036 2390; x_wconf 73' lang='lat'>0</span> <span class='ocrx_word' id='word_1_147' title='bbox 1055 2325 1266 2402; x_wconf 85' lang='lat' dir='ltr'><strong>agitari</strong></span> <span class='ocrx_word' id='word_1_148' title='bbox 1285 2324 1637 2405; x_wconf 78' lang='lat' dir='ltr'><strong>suspicata,⁸</strong></span> <span class='ocrx_word' id='word_1_149' title='bbox 1665 2324 2041 2406; x_wconf 82' lang='lat' dir='ltr'><strong>scalpellum,</strong></span> <span class='ocrx_word' id='word_1_150' title='bbox 2068 2345 2189 2406; x_wconf 91' lang='lat' dir='ltr'><strong>quo</strong></span> <span class='ocrx_word' id='word_1_151' title='bbox 2216 2321 2539 2407; x_wconf 83' lang='lat' dir='ltr'><strong>praecidere</strong></span> <span class='ocrx_word' id='word_1_152' title='bbox 2566 2345 2793 2404; x_wconf 82' lang='lat' dir='ltr'><strong>ungues</strong></span> <span class='ocrx_word' id='word_1_153' title='bbox 2816 2324 2977 2385; x_wconf 87' lang='lat' dir='ltr'><strong>sole-</strong></span> 
     </span>
     <span class='ocr_line' id='line_1_20' title="bbox 725 2408 2977 2520; baseline 0 -39"><span class='ocrx_word' id='word_1_154' title='bbox 725 2408 873 2520; x_wconf 44' lang='lat'><strong>{5¹:2²-</strong></span> <span class='ocrx_word' id='word_1_155' title='bbox 905 2426 1026 2463; x_wconf 61' lang='lat' dir='ltr'><strong>‘&#39;ffl-</strong></span> <span class='ocrx_word' id='word_1_156' title='bbox 1051 2424 1178 2494; x_wconf 88' lang='lat' dir='ltr'><strong>bat,</strong></span> <span class='ocrx_word' id='word_1_157' title='bbox 1207 2422 1334 2483; x_wconf 89' lang='lat' dir='ltr'><strong>alto</strong></span> <span class='ocrx_word' id='word_1_158' title='bbox 1363 2422 1604 2483; x_wconf 81' lang='lat' dir='ltr'><strong>vulnere</strong></span> <span class='ocrx_word' id='word_1_159' title='bbox 1631 2423 1911 2483; x_wconf 85' lang='lat' dir='ltr'><strong>demersit</strong></span> <span class='ocrx_word' id='word_1_160' title='bbox 1949 2424 2009 2482; x_wconf 89' lang='lat' dir='ltr'><strong>in</strong></span> <span class='ocrx_word' id='word_1_161' title='bbox 2050 2422 2241 2483; x_wconf 82' lang='lat' dir='ltr'><strong>femur</strong></span> <span class='ocrx_word' id='word_1_162' title='bbox 2266 2442 2281 2482; x_wconf 89' lang='lat'>:</span> <span class='ocrx_word' id='word_1_163' title='bbox 2326 2442 2659 2502; x_wconf 81' lang='lat' dir='ltr'><strong>magnoque</strong></span> <span class='ocrx_word' id='word_1_164' title='bbox 2699 2421 2839 2482; x_wconf 89' lang='lat' dir='ltr'><strong>inde</strong></span> <span class='ocrx_word' id='word_1_165' title='bbox 2867 2422 2977 2483; x_wconf 86' lang='lat' dir='ltr'><strong>do-</strong></span> 
     </span>
     <span class='ocr_line' id='line_1_21' title="bbox 1053 2518 2973 2601; baseline 0.001 -23"><span class='ocrx_word' id='word_1_166' title='bbox 1053 2518 1201 2592; x_wconf 86' lang='lat' dir='ltr'><strong>lore,</strong></span> <span class='ocrx_word' id='word_1_167' title='bbox 1249 2529 1312 2580; x_wconf 88' lang='lat' dir='ltr'><strong>et</strong></span> <span class='ocrx_word' id='word_1_168' title='bbox 1346 2529 1584 2601; x_wconf 86' lang='lat' dir='ltr'><strong>propter</strong></span> <span class='ocrx_word' id='word_1_169' title='bbox 1629 2521 1903 2580; x_wconf 86' lang='lat' dir='ltr'><strong>amissum</strong></span> <span class='ocrx_word' id='word_1_170' title='bbox 1956 2521 2303 2598; x_wconf 79' lang='lat' dir='ltr'><strong>sanguinem</strong></span> <span class='ocrx_word' id='word_1_171' title='bbox 2362 2520 2676 2580; x_wconf 87' lang='lat' dir='ltr'><strong>debilitate</strong></span> <span class='ocrx_word' id='word_1_172' title='bbox 2728 2519 2973 2590; x_wconf 84' lang='lat' dir='ltr'><strong>affecta,</strong></span> 
     </span>
    </p>

    <p class='ocr_par' dir='ltr' id='par_1_16' title="bbox 1053 2616 2125 2677">
     <span class='ocr_line' id='line_1_22' title="bbox 1053 2616 2125 2677; baseline 0.003 -3"><span class='ocrx_word' id='word_1_173' title='bbox 1053 2618 1300 2676; x_wconf 84' lang='lat' dir='ltr'><strong>anxium</strong></span> <span class='ocrx_word' id='word_1_174' title='bbox 1325 2618 1514 2677; x_wconf 82' lang='lat' dir='ltr'><strong>virum</strong></span> <span class='ocrx_word' id='word_1_175' title='bbox 1539 2617 1626 2676; x_wconf 89' lang='lat' dir='ltr'><strong>sic</strong></span> <span class='ocrx_word' id='word_1_176' title='bbox 1654 2617 1839 2677; x_wconf 85' lang='lat' dir='ltr'><strong>affata</strong></span> <span class='ocrx_word' id='word_1_177' title='bbox 1865 2616 2086 2677; x_wconf 89' lang='lat' dir='ltr'><strong>dicitur</strong></span> <span class='ocrx_word' id='word_1_178' title='bbox 2110 2637 2125 2677; x_wconf 88' lang='lat'>:</span> 
     </span>
    </p>

    <p class='ocr_par' dir='ltr' id='par_1_17' title="bbox 1049 2713 2979 3470">
     <span class='ocr_line' id='line_1_23' title="bbox 1134 2713 2979 2793; baseline -0.001 -20"><span class='ocrx_word' id='word_1_179' title='bbox 1134 2719 1235 2773; x_wconf 80' lang='lat'><strong>52.</strong></span> <span class='ocrx_word' id='word_1_180' title='bbox 1282 2722 1299 2748; x_wconf 90' lang='lat'>‘</span> <span class='ocrx_word' id='word_1_181' title='bbox 1335 2713 1488 2792; x_wconf 88' lang='lat' dir='ltr'><strong>Ego,</strong></span> <span class='ocrx_word' id='word_1_182' title='bbox 1533 2715 1615 2772; x_wconf 90' lang='lat' dir='ltr'><strong>mi</strong></span> <span class='ocrx_word' id='word_1_183' title='bbox 1665 2715 1781 2784; x_wconf 84' lang='lat' dir='ltr'><strong>vir,</strong></span> <span class='ocrx_word' id='word_1_184' title='bbox 1827 2715 1888 2773; x_wconf 91' lang='lat' dir='ltr'><strong>in</strong></span> <span class='ocrx_word' id='word_1_185' title='bbox 1934 2715 2403 2774; x_wconf 87' lang='lat' dir='ltr'><strong>communionem</strong></span> <span class='ocrx_word' id='word_1_186' title='bbox 2451 2713 2757 2793; x_wconf 85' lang='lat' dir='ltr'><strong>utriusque</strong></span> <span class='ocrx_word' id='word_1_187' title='bbox 2802 2714 2979 2772; x_wconf 85' lang='lat' dir='ltr'><strong>sortis</strong></span> 
     </span>
     <span class='ocr_line' id='line_1_24' title="bbox 1054 2809 2975 2891; baseline 0.001 -24"><span class='ocrx_word' id='word_1_188' title='bbox 1054 2811 1314 2890; x_wconf 87' lang='lat' dir='ltr'><strong>nupsisse</strong></span> <span class='ocrx_word' id='word_1_189' title='bbox 1345 2811 1455 2870; x_wconf 89' lang='lat' dir='ltr'><strong>tibi</strong></span> <span class='ocrx_word' id='word_1_190' title='bbox 1481 2811 1627 2870; x_wconf 85' lang='lat' dir='ltr'><strong>scio.</strong></span> <span class='ocrx_word' id='word_1_191' title='bbox 1695 2810 1789 2869; x_wconf 91' lang='lat' dir='ltr'><strong>Tu</strong></span> <span class='ocrx_word' id='word_1_192' title='bbox 1816 2831 1979 2882; x_wconf 81' lang='lat' dir='ltr'><strong>vero,</strong></span> <span class='ocrx_word' id='word_1_193' title='bbox 1997 2831 2132 2871; x_wconf 91' lang='lat' dir='ltr'><strong>cum</strong></span> <span class='ocrx_word' id='word_1_194' title='bbox 2160 2811 2421 2869; x_wconf 90' lang='lat' dir='ltr'><strong>animum</strong></span> <span class='ocrx_word' id='word_1_195' title='bbox 2446 2829 2641 2869; x_wconf 91' lang='lat' dir='ltr'><strong>meum</strong></span> <span class='ocrx_word' id='word_1_196' title='bbox 2668 2809 2975 2891; x_wconf 74' lang='lat' dir='ltr'><strong>probareS‚</strong></span> 
     </span>
     <span class='ocr_line' id='line_1_25' title="bbox 1049 2905 2976 2986; baseline 0.001 -21"><span class='ocrx_word' id='word_1_197' title='bbox 1049 2907 1279 2986; x_wconf 84' lang='lat' dir='ltr'><strong>corpori</strong></span> <span class='ocrx_word' id='word_1_198' title='bbox 1305 2905 1552 2978; x_wconf 86' lang='lat' dir='ltr'><strong>diffisus,</strong></span> <span class='ocrx_word' id='word_1_199' title='bbox 1583 2906 1745 2986; x_wconf 91' lang='lat' dir='ltr'><strong>quod</strong></span> <span class='ocrx_word' id='word_1_200' title='bbox 1772 2908 1829 2966; x_wconf 90' lang='lat' dir='ltr'><strong>in</strong></span> <span class='ocrx_word' id='word_1_201' title='bbox 1860 2908 1974 2967; x_wconf 88' lang='lat' dir='ltr'><strong>hoc</strong></span> <span class='ocrx_word' id='word_1_202' title='bbox 2011 2928 2155 2967; x_wconf 84' lang='lat' dir='ltr'><strong>sexu</strong></span> <span class='ocrx_word' id='word_1_203' title='bbox 2194 2905 2483 2966; x_wconf 79' lang='lat' dir='ltr'><strong>infirmius</strong></span> <span class='ocrx_word' id='word_1_204' title='bbox 2518 2907 2825 2986; x_wconf 86' lang='lat' dir='ltr'><strong>imparque</strong></span> <span class='ocrx_word' id='word_1_205' title='bbox 2870 2905 2976 2966; x_wconf 91' lang='lat' dir='ltr'><strong>do-</strong></span> 
     </span>
     <span class='ocr_line' id='line_1_26' title="bbox 1053 3001 2977 3082; baseline 0.001 -22"><span class='ocrx_word' id='word_1_206' title='bbox 1053 3001 1162 3061; x_wconf 87' lang='lat' dir='ltr'><strong>lori</strong></span> <span class='ocrx_word' id='word_1_207' title='bbox 1217 3003 1498 3074; x_wconf 88' lang='lat' dir='ltr'><strong>creditur,</strong></span> <span class='ocrx_word' id='word_1_208' title='bbox 1549 3002 1957 3064; x_wconf 83' lang='lat' dir='ltr'><strong>solicitudines</strong></span> <span class='ocrx_word' id='word_1_209' title='bbox 2004 3012 2139 3063; x_wconf 87' lang='lat' dir='ltr'><strong>tuas</strong></span> <span class='ocrx_word' id='word_1_210' title='bbox 2178 3002 2505 3064; x_wconf 88' lang='lat' dir='ltr'><strong>occuluisti.</strong></span> <span class='ocrx_word' id='word_1_211' title='bbox 2592 3001 2815 3082; x_wconf 87' lang='lat' dir='ltr'><strong>Neque</strong></span> <span class='ocrx_word' id='word_1_212' title='bbox 2860 3023 2977 3080; x_wconf 80' lang='lat' dir='ltr'><strong>ego</strong></span> 
     </span>
     <span class='ocr_line' id='line_1_27' title="bbox 1051 3098 2973 3180; baseline 0.001 -24"><span class='ocrx_word' id='word_1_213' title='bbox 1051 3099 1368 3160; x_wconf 87' lang='lat' dir='ltr'><strong>credebam</strong></span> <span class='ocrx_word' id='word_1_214' title='bbox 1395 3101 1562 3171; x_wconf 84' lang='lat' dir='ltr'><strong>mihi,</strong></span> <span class='ocrx_word' id='word_1_215' title='bbox 1593 3100 1783 3160; x_wconf 89' lang='lat' dir='ltr'><strong>donec</strong></span> <span class='ocrx_word' id='word_1_216' title='bbox 1810 3101 2279 3180; x_wconf 87' lang='lat' dir='ltr'><strong>experimentum</strong></span> <span class='ocrx_word' id='word_1_217' title='bbox 2308 3101 2587 3160; x_wconf 82' lang='lat' dir='ltr'><strong>facerem.</strong></span> <span class='ocrx_word' id='word_1_218' title='bbox 2675 3098 2839 3158; x_wconf 89' lang='lat' dir='ltr'><strong>Ecce</strong></span> <span class='ocrx_word' id='word_1_219' title='bbox 2867 3119 2973 3159; x_wconf 85' lang='lat' dir='ltr'><strong>au·-</strong></span> 
     </span>
     <span class='ocr_line' id='line_1_28' title="bbox 1051 3193 2973 3276; baseline 0.001 -24"><span class='ocrx_word' id='word_1_220' title='bbox 1051 3203 1170 3252; x_wconf 89' lang='lat' dir='ltr'><strong>tem</strong></span> <span class='ocrx_word' id='word_1_221' title='bbox 1199 3217 1437 3276; x_wconf 86' lang='lat' dir='ltr'><strong>possum</strong></span> <span class='ocrx_word' id='word_1_222' title='bbox 1462 3196 1622 3275; x_wconf 91' lang='lat' dir='ltr'><strong>quod</strong></span> <span class='ocrx_word' id='word_1_223' title='bbox 1654 3195 1838 3267; x_wconf 86' lang='lat' dir='ltr'><strong>volui,</strong></span> <span class='ocrx_word' id='word_1_224' title='bbox 1873 3205 1935 3256; x_wconf 88' lang='lat' dir='ltr'><strong>et</strong></span> <span class='ocrx_word' id='word_1_225' title='bbox 1971 3195 2151 3256; x_wconf 83' lang='lat' dir='ltr'><strong>facile</strong></span> <span class='ocrx_word' id='word_1_226' title='bbox 2192 3198 2523 3256; x_wconf 85' lang='lat' dir='ltr'><strong>cruciatum</strong></span> <span class='ocrx_word' id='word_1_227' title='bbox 2552 3194 2697 3255; x_wconf 82' lang='lat' dir='ltr'><strong>fero.</strong></span> <span class='ocrx_word' id='word_1_228' title='bbox 2783 3193 2973 3262; x_wconf 81' lang='lat' dir='ltr'><strong>Quod</strong></span> 
     </span>
     <span class='ocr_line' id='line_1_29' title="bbox 1051 3290 2973 3372; baseline 0.001 -21"><span class='ocrx_word' id='word_1_229' title='bbox 1051 3293 1099 3350; x_wconf 87' lang='lat' dir='ltr'><strong>si</strong></span> <span class='ocrx_word' id='word_1_230' title='bbox 1137 3303 1270 3372; x_wconf 89' lang='lat' dir='ltr'><strong>post</strong></span> <span class='ocrx_word' id='word_1_231' title='bbox 1312 3295 1424 3352; x_wconf 87' lang='lat' dir='ltr'><strong>hoc</strong></span> <span class='ocrx_word' id='word_1_232' title='bbox 1462 3294 1796 3353; x_wconf 87' lang='lat' dir='ltr'><strong>tirocinium</strong></span> <span class='ocrx_word' id='word_1_233' title='bbox 1833 3295 2169 3354; x_wconf 85' lang='lat' dir='ltr'><strong>contaberis</strong></span> <span class='ocrx_word' id='word_1_234' title='bbox 2212 3293 2431 3353; x_wconf 87' lang='lat' dir='ltr'><strong>habere</strong></span> <span class='ocrx_word' id='word_1_235' title='bbox 2473 3293 2619 3352; x_wconf 86' lang='lat' dir='ltr'><strong>mihi</strong></span> <span class='ocrx_word' id='word_1_236' title='bbox 2662 3290 2867 3362; x_wconf 86' lang='lat' dir='ltr'><strong>fidem,</strong></span> <span class='ocrx_word' id='word_1_237' title='bbox 2896 3311 2973 3352; x_wconf 87' lang='lat' dir='ltr'><strong>ne</strong></span> 
     </span>
     <span class='ocr_line' id='line_1_30' title="bbox 1049 3388 2975 3470; baseline 0.001 -24"><span class='ocrx_word' id='word_1_238' title='bbox 1049 3391 1182 3468; x_wconf 89' lang='lat' dir='ltr'><strong>quis</strong></span> <span class='ocrx_word' id='word_1_239' title='bbox 1209 3399 1314 3449; x_wconf 90' lang='lat' dir='ltr'><strong>aut</strong></span> <span class='ocrx_word' id='word_1_240' title='bbox 1341 3389 1586 3450; x_wconf 86' lang='lat' dir='ltr'><strong>Catonis</strong></span> <span class='ocrx_word' id='word_1_241' title='bbox 1611 3388 1800 3449; x_wconf 88' lang='lat' dir='ltr'><strong>filiam</strong></span> <span class='ocrx_word' id='word_1_242' title='bbox 1828 3400 1932 3450; x_wconf 87' lang='lat' dir='ltr'><strong>aut</strong></span> <span class='ocrx_word' id='word_1_243' title='bbox 1960 3391 2134 3450; x_wconf 86' lang='lat' dir='ltr'><strong>Bruti</strong></span> <span class='ocrx_word' id='word_1_244' title='bbox 2149 3393 2465 3470; x_wconf 84' lang='lat' dir='ltr'><strong>conjugem</strong></span> <span class='ocrx_word' id='word_1_245' title='bbox 2485 3397 2681 3460; x_wconf 81' lang='lat' dir='ltr'><strong>vocet,</strong></span> <span class='ocrx_word' id='word_1_246' title='bbox 2700 3389 2765 3448; x_wconf 88' lang='lat' dir='ltr'><strong>ni</strong></span> <span class='ocrx_word' id='word_1_247' title='bbox 2782 3399 2975 3448; x_wconf 78' lang='lat' dir='ltr'><strong>morte</strong></span> 
     </span>
    </p>

    <p class='ocr_par' dir='ltr' id='par_1_18' title="bbox 719 3484 2973 3575">
     <span class='ocr_line' id='line_1_31' title="bbox 719 3484 2973 3575; baseline 0 -32"><span class='ocrx_word' id='word_1_248' title='bbox 719 3507 940 3575; x_wconf 73' lang='lat' dir='ltr'><strong>Polyaen.</strong></span> <span class='ocrx_word' id='word_1_249' title='bbox 1049 3505 1184 3544; x_wconf 88' lang='lat' dir='ltr'><strong>mea</strong></span> <span class='ocrx_word' id='word_1_250' title='bbox 1209 3485 1468 3545; x_wconf 87' lang='lat' dir='ltr'><strong>dedecus</strong></span> <span class='ocrx_word' id='word_1_251' title='bbox 1501 3487 1613 3546; x_wconf 87' lang='lat' dir='ltr'><strong>hoc</strong></span> <span class='ocrx_word' id='word_1_252' title='bbox 1650 3487 1977 3568; x_wconf 86' lang='lat' dir='ltr'><strong>abruperol</strong></span> <span class='ocrx_word' id='word_1_253' title='bbox 2004 3487 2021 3514; x_wconf 90' lang='lat'>&#39;</span> <span class='ocrx_word' id='word_1_254' title='bbox 2104 3485 2207 3546; x_wconf 86' lang='lat' dir='ltr'><strong>Sic</strong></span> <span class='ocrx_word' id='word_1_255' title='bbox 2234 3486 2491 3546; x_wconf 87' lang='lat' dir='ltr'><strong>admissa</strong></span> <span class='ocrx_word' id='word_1_256' title='bbox 2519 3487 2579 3546; x_wconf 86' lang='lat' dir='ltr'><strong>in</strong></span> <span class='ocrx_word' id='word_1_257' title='bbox 2614 3484 2851 3545; x_wconf 88' lang='lat' dir='ltr'><strong>consilii</strong></span> <span class='ocrx_word' id='word_1_258' title='bbox 2876 3507 2973 3544; x_wconf 84' lang='lat' dir='ltr'><strong>so-</strong></span> 
     </span>
    </p>

    <p class='ocr_par' dir='ltr' id='par_1_19' title="bbox 731 3582 3033 3662">
     <span class='ocr_line' id='line_1_32' title="bbox 731 3582 3033 3662; baseline 0.001 -24"><span class='ocrx_word' id='word_1_259' title='bbox 731 3630 736 3638; x_wconf 88' lang='lat'><em>.</em></span> <span class='ocrx_word' id='word_1_260' title='bbox 1047 3582 1348 3653; x_wconf 87' lang='lat' dir='ltr'><strong>cietatem,</strong></span> <span class='ocrx_word' id='word_1_261' title='bbox 1379 3583 1506 3662; x_wconf 80' lang='lat' dir='ltr'><strong>ipsa</strong></span> <span class='ocrx_word' id='word_1_262' title='bbox 1531 3583 1659 3643; x_wconf 82' lang='lat' dir='ltr'><strong>viro</strong></span> <span class='ocrx_word' id='word_1_263' title='bbox 1700 3582 1777 3642; x_wconf 82' lang='lat' dir='ltr'><strong>ad</strong></span> <span class='ocrx_word' id='word_1_264' title='bbox 1814 3583 2045 3643; x_wconf 82' lang='lat' dir='ltr'><strong>facinus</strong></span> <span class='ocrx_word' id='word_1_265' title='bbox 2086 3583 2402 3662; x_wconf 84' lang='lat' dir='ltr'><strong>prodeunti</strong></span> <span class='ocrx_word' id='word_1_266' title='bbox 2442 3593 2658 3652; x_wconf 82' lang='lat' dir='ltr'><strong>vestes,</strong></span> <span class='ocrx_word' id='word_1_267' title='bbox 2694 3591 2757 3642; x_wconf 91' lang='lat' dir='ltr'><strong>et</strong></span> <span class='ocrx_word' id='word_1_268' title='bbox 2782 3583 2970 3642; x_wconf 80' lang='lat' dir='ltr'><strong>obvo-</strong></span> <span class='ocrx_word' id='word_1_269' title='bbox 3018 3638 3033 3648; x_wconf 76' lang='grc'>,</span> 
     </span>
    </p>

    <p class='ocr_par' dir='ltr' id='par_1_20' title="bbox 720 3677 2970 4151">
     <span class='ocr_line' id='line_1_33' title="bbox 720 3677 2969 3760; baseline 0 -23"><span class='ocrx_word' id='word_1_270' title='bbox 720 3689 847 3738; x_wconf 77' lang='grc' dir='ltr'>Ριυι.</span> <span class='ocrx_word' id='word_1_271' title='bbox 1050 3677 1236 3738; x_wconf 88' lang='lat' dir='ltr'><strong>lutum</strong></span> <span class='ocrx_word' id='word_1_272' title='bbox 1265 3679 1388 3739; x_wconf 89' lang='lat' dir='ltr'><strong>illis</strong></span> <span class='ocrx_word' id='word_1_273' title='bbox 1424 3681 1739 3760; x_wconf 85' lang='lat' dir='ltr'><strong>pugionem</strong></span> <span class='ocrx_word' id='word_1_274' title='bbox 1788 3680 2012 3740; x_wconf 84' lang='lat' dir='ltr'><strong>attulit.</strong></span> <span class='ocrx_word' id='word_1_275' title='bbox 2098 3679 2263 3740; x_wconf 87' lang='lat' dir='ltr'><strong>Haec</strong></span> <span class='ocrx_word' id='word_1_276' title='bbox 2306 3682 2507 3759; x_wconf 82' lang='lat' dir='ltr'><strong>igitur,</strong></span> <span class='ocrx_word' id='word_1_277' title='bbox 2534 3682 2660 3740; x_wconf 80' lang='lat' dir='ltr'><strong>sive</strong></span> <span class='ocrx_word' id='word_1_278' title='bbox 2703 3679 2969 3740; x_wconf 89' lang='lat' dir='ltr'><strong>nondum</strong></span> 
     </span>
     <span class='ocr_line' id='line_1_34' title="bbox 1046 3777 2970 3858; baseline 0 -23"><span class='ocrx_word' id='word_1_279' title='bbox 1046 3787 1358 3855; x_wconf 87' lang='lat' dir='ltr'><strong>percurato</strong></span> <span class='ocrx_word' id='word_1_280' title='bbox 1383 3777 1650 3848; x_wconf 87' lang='lat' dir='ltr'><strong>vulnere,</strong></span> <span class='ocrx_word' id='word_1_281' title='bbox 1679 3779 1807 3837; x_wconf 82' lang='lat' dir='ltr'><strong>sive</strong></span> <span class='ocrx_word' id='word_1_282' title='bbox 1834 3779 1991 3837; x_wconf 85' lang='lat' dir='ltr'><strong>curis</strong></span> <span class='ocrx_word' id='word_1_283' title='bbox 2026 3780 2392 3857; x_wconf 78' lang='lat' dir='ltr'><strong>urgentibus,</strong></span> <span class='ocrx_word' id='word_1_284' title='bbox 2420 3778 2749 3858; x_wconf 89' lang='lat' dir='ltr'><strong>deliquium</strong></span> <span class='ocrx_word' id='word_1_285' title='bbox 2784 3778 2970 3836; x_wconf 88' lang='lat' dir='ltr'><strong>animi</strong></span> 
     </span>
     <span class='ocr_line' id='line_1_35' title="bbox 1046 3873 2967 3954; baseline -0.001 -21"><span class='ocrx_word' id='word_1_286' title='bbox 1046 3892 1222 3952; x_wconf 86' lang='lat' dir='ltr'><strong>passa</strong></span> <span class='ocrx_word' id='word_1_287' title='bbox 1264 3875 1662 3936; x_wconf 85' lang='lat' dir='ltr'><strong>nuntiabatur.</strong></span> <span class='ocrx_word' id='word_1_288' title='bbox 1752 3873 1874 3932; x_wconf 90' lang='lat' dir='ltr'><strong>Sed</strong></span> <span class='ocrx_word' id='word_1_289' title='bbox 1922 3875 2167 3945; x_wconf 88' lang='lat' dir='ltr'><strong>Brutus,</strong></span> <span class='ocrx_word' id='word_1_290' title='bbox 2216 3875 2423 3935; x_wconf 78' lang='lat' dir='ltr'><strong>audito</strong></span> <span class='ocrx_word' id='word_1_291' title='bbox 2462 3877 2597 3954; x_wconf 84' lang='lat' dir='ltr'><strong>jam</strong></span> <span class='ocrx_word' id='word_1_292' title='bbox 2644 3873 2967 3934; x_wconf 85' lang='lat' dir='ltr'><strong>affuturum</strong></span> 
     </span>
     <span class='ocr_line' id='line_1_36' title="bbox 1049 3971 2966 4058; baseline 0 -27"><span class='ocrx_word' id='word_1_293' title='bbox 1049 3971 1374 4045; x_wconf 72' lang='lat' dir='ltr'><strong>Caesarem,</strong></span> <span class='ocrx_word' id='word_1_294' title='bbox 1404 3975 1657 4058; x_wconf 72' lang='lat' dir='ltr'><strong>privatae</strong></span> <span class='ocrx_word' id='word_1_295' title='bbox 1694 3972 2057 4033; x_wconf 86' lang='lat' dir='ltr'><strong>solicitudini</strong></span> <span class='ocrx_word' id='word_1_296' title='bbox 2093 3973 2399 4054; x_wconf 84' lang='lat' dir='ltr'><strong>publicam</strong></span> <span class='ocrx_word' id='word_1_297' title='bbox 2435 3992 2675 4034; x_wconf 86' lang='lat' dir='ltr'><strong>causam</strong></span> <span class='ocrx_word' id='word_1_298' title='bbox 2713 3982 2966 4053; x_wconf 87' lang='lat' dir='ltr'><strong>antepo-</strong></span> 
     </span>
     <span class='ocr_line' id='line_1_37' title="bbox 1045 4069 2677 4151; baseline 0.001 -23"><span class='ocrx_word' id='word_1_299' title='bbox 1045 4069 1202 4130; x_wconf 87' lang='lat' dir='ltr'><strong>suit:</strong></span> <span class='ocrx_word' id='word_1_300' title='bbox 1246 4071 1434 4130; x_wconf 84' lang='lat' dir='ltr'><strong>ceterl’</strong></span> <span class='ocrx_word' id='word_1_301' title='bbox 1454 4089 1695 4151; x_wconf 90' lang='lat' dir='ltr'><strong>quoque</strong></span> <span class='ocrx_word' id='word_1_302' title='bbox 1721 4071 1943 4129; x_wconf 87' lang='lat' dir='ltr'><strong>conscii</strong></span> <span class='ocrx_word' id='word_1_303' title='bbox 1972 4071 2409 4150; x_wconf 85' lang='lat' dir='ltr'><strong>respiraverunt</strong></span> <span class='ocrx_word' id='word_1_304' title='bbox 2434 4091 2471 4130; x_wconf 87' lang='lat' dir='ltr'><strong>a</strong></span> <span class='ocrx_word' id='word_1_305' title='bbox 2496 4078 2677 4130; x_wconf 88' lang='lat' dir='ltr'><strong>metu.</strong></span> 
     </span>
    </p>

    <p class='ocr_par' dir='ltr' id='par_1_21' title="bbox 1130 4166 2966 4240">
     <span class='ocr_line' id='line_1_38' title="bbox 1130 4166 2966 4240; baseline 0 -14"><span class='ocrx_word' id='word_1_306' title='bbox 1130 4173 1230 4228; x_wconf 79' lang='lat'><strong>53.</strong></span> <span class='ocrx_word' id='word_1_307' title='bbox 1272 4166 1596 4228; x_wconf 88' lang='lat' dir='ltr'><strong>Timebant</strong></span> <span class='ocrx_word' id='word_1_308' title='bbox 1621 4168 1779 4227; x_wconf 89' lang='lat' dir='ltr'><strong>enim</strong></span> <span class='ocrx_word' id='word_1_309' title='bbox 1808 4186 1903 4237; x_wconf 92' lang='lat' dir='ltr'><strong>ne,</strong></span> <span class='ocrx_word' id='word_1_310' title='bbox 1932 4166 2135 4226; x_wconf 88' lang='lat' dir='ltr'><strong>delato</strong></span> <span class='ocrx_word' id='word_1_311' title='bbox 2152 4168 2234 4226; x_wconf 86' lang='lat' dir='ltr'><strong>rei</strong></span> <span class='ocrx_word' id='word_1_312' title='bbox 2263 4168 2507 4240; x_wconf 87' lang='lat' dir='ltr'><strong>indicio,</strong></span> <span class='ocrx_word' id='word_1_313' title='bbox 2536 4169 2733 4230; x_wconf 82' lang='lat' dir='ltr'><strong>venire</strong></span> <span class='ocrx_word' id='word_1_314' title='bbox 2757 4167 2966 4228; x_wconf 78' lang='lat' dir='ltr'><strong>Caesar</strong></span> 
     </span>
    </p>

    <p class='ocr_par' dir='ltr' id='par_1_22' title="bbox 718 4261 2961 4344">
     <span class='ocr_line' id='line_1_39' title="bbox 718 4261 2961 4344; baseline 0.001 -22"><span class='ocrx_word' id='word_1_315' title='bbox 718 4288 834 4339; x_wconf 84' lang='lat' dir='ltr'><strong>Dio.</strong></span> <span class='ocrx_word' id='word_1_316' title='bbox 1046 4271 1405 4324; x_wconf 84' lang='lat' dir='ltr'><strong>contaretur.</strong></span> <span class='ocrx_word' id='word_1_317' title='bbox 1493 4263 1659 4323; x_wconf 89' lang='lat' dir='ltr'><strong>Nam</strong></span> <span class='ocrx_word' id='word_1_318' title='bbox 1690 4272 1752 4323; x_wconf 89' lang='lat' dir='ltr'><strong>et</strong></span> <span class='ocrx_word' id='word_1_319' title='bbox 1778 4263 2083 4344; x_wconf 86' lang='lat' dir='ltr'><strong>apparitor</strong></span> <span class='ocrx_word' id='word_1_320' title='bbox 2116 4261 2325 4324; x_wconf 87' lang='lat' dir='ltr'><strong>sellam</strong></span> <span class='ocrx_word' id='word_1_321' title='bbox 2367 4285 2607 4326; x_wconf 88' lang='lat' dir='ltr'><strong>auream</strong></span> <span class='ocrx_word' id='word_1_322' title='bbox 2640 4265 2805 4324; x_wconf 89' lang='lat' dir='ltr'><strong>curia</strong></span> <span class='ocrx_word' id='word_1_323' title='bbox 2827 4267 2961 4344; x_wconf 88' lang='lat' dir='ltr'><strong>jam</strong></span> 
     </span>
    </p>
   </div>
   <div class='ocr_carea' id='block_1_6' title="bbox 1635 4417 2411 4470">
    <p class='ocr_par' dir='ltr' id='par_1_23' title="bbox 1635 4417 2411 4470">
     <span class='ocr_line' id='line_1_40' title="bbox 1635 4417 2411 4470; baseline 0.003 -4"><span class='ocrx_word' id='word_1_324' title='bbox 1635 4424 1665 4466; x_wconf 73' lang='lat'>8</span> <span class='ocrx_word' id='word_1_325' title='bbox 1704 4417 1946 4468; x_wconf 72' lang='lat' dir='ltr'><strong>Divinam</strong></span> <span class='ocrx_word' id='word_1_326' title='bbox 1968 4417 2088 4468; x_wconf 84' lang='lat' dir='ltr'><strong>edd.</strong></span> <span class='ocrx_word' id='word_1_327' title='bbox 2106 4429 2228 4468; x_wconf 74' lang='lat' dir='ltr'><strong>ante</strong></span> <span class='ocrx_word' id='word_1_328' title='bbox 2254 4419 2411 4470; x_wconf 76' lang='lat' dir='ltr'><strong>Crev.</strong></span> 
     </span>
    </p>
   </div>
  </div>
 </body>
</html>
