3300 5234
647 554 823 621 5028

649 1014 785 1066 Plut.
810 1014 919 1085 Cic.

649 1212 788 1328 st·
815 1229 902 1281 »ω

661 2168 799 2227 'Cim
821 2190 907 2241 pro

652 2242 789 2293 Sext.
804 2258 852 2291 c.
873 2244 955 2292 ³⁸.

685 2338 793 2420 cib.
817 2369 879 2419 ιιι

654 2431 749 2482 Att
777 2439 960 2487 1:138.

656 2508 834 2561 etpost
857 2500 956 2549 red.

653 2564 706 2611 in
721 2564 832 2613 Sen.
848 2580 891 2614 c.
906 2570 957 2616 8.

652 2662 765 2712 Liv.
787 2662 920 2724 Epit.

689 2726 798 2777 cie.
821 2742 910 2791 pro

655 2792 789 2841 Son.
811 2806 857 2841 e.
875 2795 958 2841 89.

654 2866 706 2905 et
726 2870 829 2919 neq.
855 2865 908 2905 et

655 2936 746 2985 pro
767 2920 880 2972 Mil.

657 3002 705 3036 c.
731 2990 814 3035 1⁸.

687 3050 794 3099 Cic.
817 3050 880 3097 de

659 3114 777 3164 Har.
805 3112 959 3177 Renp.

658 3194 702 3229 ο.
726 3182 809 3228 24.

691 3242 809 3300 Dio,

660 3322 865 3357 xxxxx.

694 4194 797 4243 Cic.
825 4210 912 4259 pro

651 4260 772 4310 ¹Mil.
795 4276 840 4310 c.
862 4264 939 4312 1⁴.

1607 574 1682 625 '1’-
1733 572 1921 623 mvn

975 712 1287 775 dianetum
1315 714 1610 778 efficiebat
1635 717 1913 789 audacia,
1952 714 2052 797 qui
2090 716 2279 777 multa
2316 714 2393 779 de
2432 724 2607 777 nocte
2632 716 2883 787 curiam,

975 810 1192 884 forum,
1213 815 1521 873 comitium
1547 815 1758 875 armati
1784 822 2240 895 occupaverant.
2326 815 2433 875 Ab
2462 810 2552 875 hi‘s
2580 814 2887 876 Fabricius

977 906 1306 989 repellitur,
1335 911 1594 991 itemque
1617 911 1854 989 collega
1872 913 2005 991 ejus
2032 911 2125 971 M.
2150 911 2432 992 Cispius:
2460 910 2656 971 caedes
2676 911 2735 969 in
2754 909 2885 969 foro

977 1002 1174 1065 editur
1197 1007 1508 1067 maxima.⁷
1571 1006 1659 1073 Q.
1689 1006 1927 1074 Cicero,
1949 1008 2053 1087 qui
2092 1027 2277 1088 nuper
2302 1026 2377 1067 ex
2401 1008 2705 1088 provincia
2731 1008 2889 1066 Asia

977 1098 1330 1173 decesserat,
1355 1122 1492 1163 cum
1521 1102 1600 1161 ad
1625 1103 2083 1184 supplicandum
2108 1124 2217 1184 pro
2240 1100 2433 1163 salute
2460 1103 2659 1163 fratris
2691 1104 2887 1163 venis-

977 1204 1089 1268 set,
1133 1198 1336 1277 pulsus
1379 1219 1418 1259 a
1469 1200 1691 1269 rostris,
1738 1201 1891 1259 inter
1924 1199 2223 1261 cadavera
2258 1200 2455 1271 latuit,
2500 1208 2567 1260 ut
2610 1200 2886 1280 opinione

979 1294 1184 1355 mortis
1209 1304 1456 1355 mortem
1480 1295 1751 1356 evitaret.

1067 1398 1167 1451 46.
1211 1390 1504 1473 Idemque
1530 1413 1646 1452 non
1692 1391 1881 1453 multo
1916 1402 2049 1474 post
2074 1392 2156 1452 P.
2198 1392 2411 1453 Sextio
2432 1394 2671 1452 tribuno
2696 1391 2893 1473 plebis

983 1493 1042 1551 in
1072 1490 1294 1571 templo
1321 1490 1586 1550 Castoris
1611 1488 1855 1551 accidit.
1942 1488 2133 1569 Cujus
2158 1499 2355 1549 tamen
2392 1489 2718 1571 periculum
2744 1510 2889 1549 con-

979 1588 1178 1649 trariae
1214 1586 1490 1648 factionis
1521 1588 1761 1648 tribuno
1809 1588 2065 1654 Quintio
2110 1587 2535 1668 propemodum
2568 1588 2889 1648 exitiosum

981 1686 1112 1746 fuit.
1196 1683 1368 1745 Nam
1401 1683 1687 1745 Clodiani
1710 1684 1924 1763 furoris
1946 1685 2255 1756 satellites,
2282 1685 2443 1765 quod
2476 1685 2737 1745 occisum
2762 1706 2801 1745 a
2824 1705 2891 1747 se

981 1781 1280 1843 tribunum
1307 1782 1622 1862 putabant,
1660 1782 1821 1841 bunc
1858 1781 1999 1841 licet
2032 1801 2265 1841 suarum
2292 1780 2545 1862 partium
2574 1780 2653 1841 ad
2680 1800 2889 1843 necem

981 1878 1398 1957 quaesiverunt,
1453 1886 1520 1937 ut
1567 1878 1775 1937 similis
1814 1870 2093 1937 facinoris
2136 1878 2471 1957 suspicione
2522 1876 2892 1938 adversarios

980 1982 1309 2034 onerarent.
1393 1971 1535 2033 Nec
1561 1982 1699 2034 ante
1726 1974 1823 2033 bic
1858 1974 2065 2034 timere
2094 1982 2341 2033 mortem
2365 1973 2563 2044 desiit,
2591 1992 2772 2053 quam
2796 1995 2891 2034 re-

978 2071 1192 2130 scitum
1215 2078 1326 2141 est,
1355 2068 1630 2130 Sextium
1659 2068 1923 2131 vivere.⁸·
1976 2068 2453 2131 studiosissimus
2474 2068 2778 2130 Ciceronis
2790 2071 2893 2133 hic

983 2168 1228 2231 Sextius
1247 2177 1396 2238 erat,
1415 2168 1600 2248 quiet
1615 2168 1957 2247 designatus
1975 2169 2087 2228 iter
2104 2168 2365 2248 suscepit
2384 2166 2461 2227 ad
2480 2166 2803 2239 Caesarem,
2824 2177 2897 2230 ut

982 2265 1152 2326 illum
1179 2264 1486 2327 induceret
1511 2264 1588 2325 ad
1613 2286 1877 2338 causam,
1906 2276 2013 2325 aut
2048 2265 2261 2325 saltem
2298 2284 2337 2325 a
2370 2262 2679 2325 voluntate
2719 2266 2895 2327 resis-

982 2364 1145 2425 tendi
1195 2364 1553 2425 abduceret:
1595 2373 1678 2436 et,
1713 2364 1861 2424 inito
1896 2363 2267 2442 magistratu,
2308 2364 2671 2441 rogationem
2706 2364 2893 2445 scrip-

981 2462 1080 2532 sit,
1119 2470 1186 2521 et
1223 2461 1342 2521 suis
1364 2460 1574 2541 copiis,
1603 2460 1921 2531 clientelis,
1948 2461 2089 2521 vitoe
2123 2461 2307 2520 etiam
2332 2458 2593 2541 periculo
2632 2462 2893 2522 amicum

981 2560 1450 2619 constantissime
1467 2558 1655 2640 juvit.
2144 2614 2153 2622 .

1061 2663 1164 2720 47.
1208 2656 1618 2716 Praeminebat
1643 2665 1841 2716 tamen
1863 2655 1938 2717 T.
1968 2655 2161 2717 Annii
2194 2655 2445 2717 Milonis
2476 2655 2761 2726 studium,
2788 2655 2893 2735 qui

985 2752 1267 2813 Clodium
1313 2753 1506 2813 modis
1556 2754 1829 2813 omnibus
1882 2756 2165 2815 acerrime
2214 2763 2525 2825 vexatum,
2592 2763 2891 2835 postremo

984 2848 1114 2929 lege
1143 2849 1356 2911 Plotia
1378 2848 1454 2909 de
1478 2851 1541 2910 vi
1561 2869 1727 2909 reum
1752 2848 1917 2910 fecit.
2002 2850 2123 2910 Sed
2150 2852 2379 2911 elusum
2402 2849 2465 2911 id
2480 2850 2777 2930 judicium
2802 2860 2896 2911 est

983 2947 1194 3008 edictis
1227 2947 1673 3026 magistratuum
1713 2948 1817 3027 qui
1851 2946 2071 3008 Clodio
2110 2946 2413 3009 favebant.
2498 2946 2725 3008 Consul
2754 2948 2893 3008 Me-

983 3046 1186 3116 tellus,
1217 3044 1473 3105 nondum
1513 3045 1659 3105 satis
1698 3046 1972 3125 placatus
2018 3044 2315 3117 Ciceroni,
2354 3044 2433 3105 ad
2475 3044 2605 3105 luaec
2650 3046 2893 3126 propin-

983 3162 1136 3224 quus
1171 3141 1416 3211 Clodio,
1455 3142 1711 3221 itemque
1754 3140 1935 3202 frater
1972 3142 2215 3222 Appius
2239 3150 2474 3223 praetor,
2516 3160 2783 3221 unusque
2816 3139 2893 3201 de

985 3237 1240 3317 collegio
1269 3238 1636 3298 tribunorum
1668 3240 1953 3299 vetabant
1974 3237 2337 3319 judiciorum
2373 3236 2500 3296 fieri
2538 3232 2893 3297 mentionem

985 3335 1325 3415 priusquam
1369 3342 1689 3415 quaestores
1737 3344 2095 3405 crearentur,
2139 3332 2300 3414 apud
2346 3353 2499 3414 quos
2530 3334 2895 3394 sortitionem

974 3431 1248 3510 judicum
1289 3429 1417 3491 fieri
1458 3432 1791 3512 oportebat.
1877 3431 2023 3491 Hoc
2066 3430 2203 3491 ideo
2236 3428 2443 3500 fiebat,
2470 3438 2539 3489 ut
2564 3431 2715 3490 inter
2738 3430 2895 3490 hanc

985 3550 1210 3591 moram
1241 3539 1442 3611 petere
1472 3529 1727 3590 Clodius
1747 3529 2093 3590 oedilitatem
2118 3540 2354 3610 posset:
2398 3537 2459 3588 et
2484 3530 2895 3607 magistratum

986 3626 1262 3709 adeptus,
1308 3626 1470 3707 quod
1511 3625 1851 3688 factitatum
1886 3628 1966 3687 ab
2002 3625 2133 3685 aliis
2168 3626 2381 3696 fuerat,
2412 3623 2895 3741 judiciumseffn·

986 3730 1170 3805 geret.

1065 3828 1167 3883 48.
1213 3820 1406 3901 Igitur
1437 3819 1612 3890 Milo,
1633 3820 1875 3883 sublata
1890 3820 2128 3901 judicia
2154 3840 2420 3891 cernens,
2450 3829 2513 3879 et
2536 3821 2895 3881 auctoritate

985 3928 1225 3979 senatus
1261 3917 1638 3979 accusatione
1674 3936 1739 3977 se
1777 3917 2114 3997 prohiberi:
2158 3917 2338 3998 coepit
2363 3926 2427 3977 et
2452 3918 2575 3997 ipse
2601 3916 2895 3995 gladiato-

989 4036 1104 4085 res,
1145 4014 1448 4095 aliamque
1488 4033 1689 4073 secum
1730 4015 2103 4073 sentientium
2142 4014 2400 4084 turbam,
2437 4012 2897 4076 circumducere.

993 4111 1174 4171 Unde
1226 4111 1590 4192 quotidianae
1641 4110 2063 4191 propemodum
2117 4111 2268 4170 inter
2322 4110 2610 4171 factiones
2658 4131 2896 4191 pugne,

988 4208 1300 4288 caedesque
1344 4216 1474 4267 tota
1513 4206 1684 4265 Urbe
1724 4204 1969 4267 fiebant.
2053 4203 2287 4266 Domus
2318 4207 2500 4267 etiam
2550 4206 2619 4267 Ι...
2664 4206 2899 4270 Caecilii

1054 4392 1084 4439 7
1127 4390 1340 4440 Maxim
1358 4389 1636 4451 legebatur
1660 4389 1803 4439 olim.
1873 4390 1950 4439 Ex
1977 4389 2089 4439 Cic.
2111 4391 2331 4441 inritavit
2352 4392 2509 4441 Cret

1056 4459 1088 4504 8
1127 4456 1227 4505 Nec
1249 4462 1358 4507 ante
1381 4456 1480 4505 luoec
1499 4490 1511 4504 .
1542 4489 1557 4505 .
1581 4488 1594 4503 .
1622 4454 1845 4506 Sextium
1866 4455 2029 4507 mire
2044 4455 2097 4505 in
2112 4455 2237 4507 edd.
2252 4464 2373 4507 ante
2396 4458 2553 4507 Crev.
2577 4456 2877 4511 exhibetur.
