3300 5234
818 539 1033 636 nissi
1078 549 1263 636 evii.
1306 581 1956 636 sorensium-ruu-
2324 563 2506 634 5113

260 727 503 802 deinde,
540 745 679 789 cum
718 745 795 790 eo
836 726 999 793 sacto
1042 727 1233 808 magis
1278 725 1469 787 etiam
1500 726 1742 788 incensa
1785 727 1952 806 vulgi
1998 734 2170 807 potu-.-

262 825 477 896 lantis‚
520 824 689 886 velut
714 824 775 887 in
810 844 875 884 re
914 823 1172 894 ludicra,
1206 823 1483 884 convicia
1508 843 1615 904 pro
1641 823 1986 884 verberibus
2009 841 2174 901 rege-

263 931 441 992 reret,
474 918 771 982 vulnerati
802 917 1133 1000 complures
1166 939 1205 979 a
1224 918 1557 990 militibus,
1592 917 1838 998 quidam
1871 919 2054 980 etiam
2089 919 2176 978 in·

264 1016 499 1078 terfecti
523 1025 679 1078 sunt.
765 1015 897 1076 Hic
924 1024 1117 1076 metus
1150 1014 1535 1096 tranquillum
1560 1015 1637 1075 de
1663 1023 1862 1076 cetero
1875 1014 2172 1094 judicium
2200 1023 2376 1072 Ancon.

263 1115 561 1196 prestitit.
637 1113 841 1176 Causa
866 1113 1159 1193 utrimque
1200 1113 1391 1184 dicta,
1424 1133 1563 1174 cum
1596 1121 1908 1174 accusator
1945 1122 2010 1172 et
2043 1133 2176 1173 reus

264 1230 341 1270 ex
368 1229 617 1270 numero
629 1208 907 1290 judicum
933 1209 1145 1289 quinos
1168 1217 1489 1281 senatores,
1530 1209 1782 1270 totidem
1820 1210 2074 1291 equites,
2113 1217 2177 1270 et
2275 1199 2282 1204 ⁹

264 1307 541 1368 tribunos
580 1307 819 1366 aerarios
862 1307 1226 1386 rejecissent,
1278 1325 1432 1366 unus
1470 1314 1531 1365 et
1571 1305 2000 1385 quinquaginta
2041 1325 2174 1367 sen·-

266 1403 519 1464 tentism
558 1402 853 1463 tulerunt:
896 1402 1277 1462 absolverunt
1315 1401 1635 1470 tredecim3
1677 1409 2008 1464 ceterorum
2047 1423 2175 1462 om-

268 1500 429 1558 nium
472 1498 767 1578 suffragiis
810 1496 1127 1558 damnatus
1176 1505 1287 1558 est.
1379 1497 1692 1578 Quicquid
1735 1497 1812 1558 de
1866 1497 2178 1562 vulnerato

267 1595 491 1658 Clodio
518 1594 742 1667 fuisset,
778 1596 1039 1656 occisum
1052 1597 1233 1674 jussu
1258 1592 1507 1654 Milonis
1530 1595 1884 1656 constabat:
1925 1597 2176 1676 ejusque

268 1701 471 1752 notam
498 1691 811 1754 audaciam
834 1690 1267 1772 reprimendum
1290 1689 1644 1752 videbatur:
1689 1693 2012 1772 praesertim
2037 1712 2176 1754 cum
2235 1724 2340 1776 Cic.
2365 1741 2452 1790 pm

268 1789 485 1870 inipso
508 1789 687 1850 etiam
702 1787 941 1867 judicio
974 1807 1093 1848 non
1136 1787 1459 1848 remitteret
1490 1788 1755 1868 spiritus,
1795 1797 1997 1850 tonsus
2037 1791 2174 1851 niti·
2201 1789 2314 1841 Mil.
2335 1805 2380 1839 c.
2401 1797 2486 1845 ⁸⁴.

269 1883 521 1965 dunque,
558 1886 723 1946 sicco
764 1883 958 1956 vultu,
996 1884 1291 1944 constanti
1332 1903 1481 1946 voce
1520 1903 1740 1964 susque
1782 1883 1978 1966 deque
2023 1887 2177 1968 peri-
2200 1854 2334 1972 {¹:2⁸
2342 1856 2474 1970 {iffi

160 2017 167 2022 ·
268 1981 471 2044 culum
494 2001 665 2042 suum
690 1982 909 2042 habere
934 1981 1114 2042 visus.
1194 1979 1421 2040 Ferunt
1460 1989 1662 2042 tamen
1700 1981 1950 2044 Catonis
1977 1985 2181 2064 palam

270 2077 397 2140 lata
438 2079 731 2138 sententia
766 2097 903 2138 eum
944 2097 1071 2138 esse
1116 2075 1477 2149 absolutum,
1520 2076 1704 2157 idque
1733 2078 1786 2138 si
1819 2077 2028 2140 fuisset
2065 2081 2179 2144 ali-

272 2183 495 2256 quanto
520 2175 805 2234 maturius
828 2172 1079 2246 factum,
1116 2193 1233 2232 nou
1270 2171 1449 2234 fuisse
1474 2171 1782 2236 defuturos
1807 2185 2042 2258 putant,
2073 2179 2181 2260 qui

270 2271 615 2352 exemplum
644 2279 1047 2352 sequerentur.

352 2375 456 2430 41.
500 2365 869 2433 Damnatum
908 2376 1112 2428 autem
1154 2383 1339 2448 opera
1378 2367 1635 2429 maxime
1659 2373 1708 2404 ¹⁸
1761 2369 1890 2452 Ap.
1933 2370 2182 2432 Claudii
2207 2387 2392 2442 Ancon.

276 2466 720 2548 pronuntiatum
744 2473 869 2526 est:
896 2484 935 2524 a
960 2485 1083 2544 quo
1106 2473 1169 2524 et
1188 2465 1319 2543 lege
1344 2465 1605 2526 ambitus
1626 2465 1788 2548 apud
1810 2467 2184 2549 Torquatum

276 2573 517 2644 postero
561 2561 661 2623 die
712 2561 1064 2643 postulatus,
1109 2559 1424 2622 damnatus
1474 2571 1565 2624 est
1616 2565 1852 2626 absens.
1953 2566 2186 2626 Ceteris

278 2661 457 2722 etiam
484 2658 753 2740 judiciis,
790 2657 1057 2739 pluribus
1096 2658 1254 2718 enim
1294 2656 1489 2718 factus
1526 2680 1662 2721 reus
1703 2659 1916 2733 fuerat,
1957 2663 2186 2742 tristem

278 2756 594 2818 abstulime
614 2757 969 2816 sententiam
991 2755 1255 2836 reperio:
1282 2752 1359 2814 de
1386 2753 1700 2834 sodalitiis,
1737 2757 1898 2838 apud
1932 2758 2026 2821 M.
2067 2758 2184 2820 Fa-

280 2855 561 2922 vonium3
604 2852 683 2912 de
710 2853 797 2924 vi,
836 2850 995 2934 apud
1024 2851 1095 2912 L.
1126 2849 1403 2913 Fabium.

356 2956 463 3012 42.
492 2947 686 3028 Igitur
710 2949 866 3010 intra
892 2947 1279 3029 paucissimos
1303 2947 1433 3008 dies
1459 2947 1796 3012 Massiliam
1815 2951 1984 3012 exilii
2001 2973 2186 3014 causa

282 3045 575 3127 profectus
593 3053 703 3108 est.
776 3044 929 3118 Ubi,
956 3065 1092 3106 cum
1110 3046 1437 3104 orationem
1460 3046 1790 3122 Ciceronis,
1815 3069 1954 3130 quae
1980 3059 2186 3132 postea
2209 3067 2327 3120 Dio.

282 3145 617 3226 conscripta
666 3151 777 3215 est,
828 3143 1069 3204 missam
1116 3141 1198 3204 ad
1248 3161 1311 3202 se
1361 3141 1609 3220 legeret,
1660 3143 1888 3206 dixisse
1935 3145 2182 3218 dicitur-3

287 3250 307 3278 ‘
334 3241 527 3314 Bene,
562 3239 725 3321 quod
751 3240 835 3300 ita
856 3258 975 3301 non
1000 3259 1131 3298 sum
1155 3237 1431 3300 defensus
1454 3239 1514 3298 in
1530 3239 1804 3319 judicio:
1847 3263 2004 3304 nunc
2029 3246 2188 3306 enim

284 3347 481 3400 tantos
530 3335 747 3398 mullos
798 3334 1089 3396 Massilia:
1144 3353 1261 3394 non
1310 3332 1592 3397 ederem?
1695 3337 1874 3400 Bona
1919 3339 2187 3402 damnati
2212 3362 2400 3416 Ancon.

286 3442 525 3517 propter
572 3433 704 3494 aeris
754 3431 940 3493 alieni
980 3429 1447 3510 magnitudinem
1504 3436 1810 3496 semuncia
1859 3437 2188 3499 venierunt.
2217 3429 2389 3543 ¹¹:¹33
2433 3496 2492 3544 1⁵

289 3530 637 3594 Sestertium
656 3531 813 3590 enim
838 3528 1114 3589 debuisse
1148 3526 1367 3590 dicitur
1398 3531 1871 3610 septingenties,¹‘
1909 3535 2072 3614 quod
2111 3534 2190 3595 nd
2393 3525 2410 3544 ⁶
2497 3526 2514 3544 ’

288 3649 575 3692 summam
618 3626 855 3688 accedit
884 3625 1161 3686 nostratis
1196 3625 1465 3706 pecunioe
1496 3627 1680 3688 vicies
1711 3639 1964 3690 centena
1999 3631 2188 3692 thele-

290 3747 483 3789 rorum
506 3723 903 3806 imperialium
937 3721 1163 3782 millias
1206 3721 1357 3782 odeo
1382 3742 1599 3786 novum
1622 3745 1741 3785 non
1765 3735 1876 3798 est,
1905 3735 1974 3788 ut
1995 3727 2194 3808 plures

290 3841 531 3886 summae
568 3822 821 3883 fortunae
860 3820 1118 3902 speciem
1158 3817 1392 3893 alienis,
1424 3841 1609 3902 quam
1644 3824 1770 3884 suis
1805 3823 2192 3886 facultatibus

284 3922 637 3982 sustineant.
722 3917 728 3923 ’

370 4024 475 4079 43.
514 4017 675 4081 Post
712 4014 1009 4078 Milonem
1050 4011 1143 4078 M.
1174 4012 1454 4078 Saufeius
1486 4012 1579 4077 M.
1610 4015 1684 4079 F.
1721 4017 2052 4100 postulatus
2073 4028 2186 4094 est,
2213 4039 2399 4094 Aaou,

374 4181 381 4192 “
424 4187 487 4234 11
522 4183 744 4234 Maxime
764 4196 861 4249 pro
884 4179 1079 4248 vulgat.
1099 4181 1309 4248 maxima
1326 4195 1395 4233 ex
1418 4180 1611 4236 Ancon.
1633 4185 1866 4237 correxit
1887 4185 2044 4238 Crev.

1087 4301 1453 4326 macconem

302 4379 385 4497 c*
416 4378 795 4446 Septingenties]
848 4377 1055 4432 Marcus
1106 4381 1313 4446 argenti
1370 4387 1630 4432 nostrates
1668 4383 1884 4431 273487.
1923 4385 2104 4434 uncias
2138 4388 2188 4435 4.

346 4459 443 4497 reo.

427 4525 602 4590 Daph.
616 4529 663 4576 et
693 4523 810 4576 ναν.
828 4525 959 4576 Οἱασ.
1277 4525 1463 4576 Livius.
2255 4537 2314 4582 15
2350 4533 2395 4584 C
