3300 5234
812 519 1013 585 msn!
1066 521 1217 571 civ.
1264 503 1915 573 svrrznunn‘rum.

257 659 469 722 sedere
508 661 661 722 nihil
701 661 909 736 vellet,
936 672 1001 726 et
1032 664 1267 726 interim
1304 662 1593 728 Germani
1616 664 1742 726 tela
1763 665 2060 745 conjicere
2100 667 2162 726 in

260 757 633 823 Caesarianos
668 760 1015 844 inciperent,
1055 761 1371 824 diremtum
1408 762 1533 822 sine
1567 762 1770 829 fructu
1799 762 2167 843 colloquium

260 865 366 918 est.

334 959 437 1014 88.
480 953 689 1018 Biduo
712 961 847 1034 post
869 951 1255 1032 redintegrari
1274 954 1619 1018 Ariovistus
1640 955 2008 1036 colloquium
2033 977 2166 1038 pos·

256 1050 431 1124 tuln,
458 1061 567 1118 aut
589 1052 853 1132 aliquem
878 1071 957 1110 ex
984 1050 1193 1128 legatis
1219 1050 1476 1114 Caesaris
1506 1053 1585 1114 nd
1608 1075 1674 1114 se
1699 1054 1874 1114 mitti.
1959 1053 2164 1116 Caesar

256 1169 391 1209 mos
422 1149 685 1228 objicere
724 1147 989 1230 periculo
1014 1147 1243 1222 nolens,
1274 1148 1351 1213 C.
1378 1148 1694 1212 Valerium
1723 1150 2060 1211 Procillum
2083 1171 2164 1212 ex

258 1246 620 1327 principibus
667 1244 1002 1316 Gallorum,
1048 1265 1285 1324 unaque
1334 1245 1429 1307 M.
1476 1247 1764 1308 Mettium
1805 1249 2032 1330 mittit,
2059 1249 2166 1330 qui

258 1341 513 1424 hospitio
558 1341 851 1402 Ariovisti
896 1363 1036 1402 usus
1080 1340 1295 1406 fuerat.
1400 1341 1527 1406 Eos
1572 1342 1910 1404 Germanus
1955 1363 2166 1424 specu-

261 1439 441 1498 latum
494 1441 697 1500 venire
748 1446 1047 1510 causatus,
1100 1439 1163 1500 in
1217 1447 1463 1502 catenas
1518 1437 1798 1519 conjecit,
1849 1441 2167 1520 statimque

258 1558 391 1602 eum
428 1537 699 1600 exercitu
740 1537 981 1618 propius
1016 1537 1269 1598 accessit
1306 1536 1403 1600 ad.
1426 1535 1764 1598 Caesarem:
1811 1557 1976 1610 mox,
2013 1557 2167 1620 prae-

259 1635 443 1700 tentis
478 1637 615 1714 ejus
646 1635 879 1706 castris,
906 1634 986 1696 ad
1019 1633 1145 1696 duo
1176 1633 1368 1698 millia
1394 1653 1670 1715 passuum
1695 1632 1854 1694 ultra
1875 1635 2166 1705 consedit,

258 1751 375 1812 quo
411 1741 813 1798 commeatum
850 1730 1189 1812 impediret,
1230 1731 1335 1814 qui
1372 1731 1475 1792 ab,
1494 1729 1712 1796 AEduis
1753 1730 2167 1812 Sequanisque

257 1829 737 1910 supportabatur.
1270 1849 1277 1858 ·

330 1934 435 1988 34.
480 1925 587 1989 Ex
624 1945 697 1988 eo
730 1925 829 1986 die
864 1923 995 1986 dies
1028 1923 1341 1986 continuos
1373 1924 1639 2006 quinque
1679 1924 1908 1996 Coesar,
1927 1925 2166 1990 eductis

254 2025 313 2084 in
346 2025 543 2088 aciem
578 2023 793 2105 copiis,
832 2031 1185 2105 potestatem
1228 2021 1531 2105 pugnandi
1576 2021 1740 2085 fecit.
1821 2022 2166 2086 Ariminum

256 2121 515 2202 equestri
574 2120 783 2202 praelio
838 2127 1155 2182 contentus
1200 2137 1572 2188 concurrere,
1623 2118 1956 2200 peditatum
2011 2120 2170 2186 intra

254 2227 449 2278 eastra
471 2217 835 2280 continebat.
918 2215 1013 2276 Eo
1040 2235 1251 2295 genere
1287 2233 1505 2296 pugnae
1529 2217 1788 2296 potiores
1809 2226 1982 2280 erant
2007 2216 2164 2280 Ger·

256 2315 439 2386 mani,
480 2335 625 2378 eum
670 2314 749 2376 ad
792 2333 901 2376 sex
940 2313 1137 2374 millia
1172 2312 1461 2372 haberent
1498 2312 1790 2392 equitum,
1829 2333 1980 2394 quos
2021 2314 2167 2380 lecti

256 2412 344 2472 vir
376 2432 417 2478 a
457 2413 590 2472 viro
630 2410 875 2472 totidem
908 2410 1061 2470 mira
1091 2407 1413 2470 velocitate
1449 2408 1680 2490 pedites
1703 2411 2164 2485 comitabantur,

254 2509 337 2570 sic
372 2509 655 2581 exerciti,
700 2519 789 2579 ut,
824 2507 1061 2588 quoties
1098 2514 1253 2566 esset
1291 2497 1748 2587 properandum,
1773 2506 1944 2585 jubis
1979 2527 2164 2587 equo·

256 2625 379 2669 rum
412 2606 720 2670 sublevati
755 2623 989 2669 cursum
1024 2603 1442 2684 ndaequarentg
1492 2601 1569 2662 de
1610 2609 1810 2664 cetero
1847 2606 2164 2683 pugnanti·

254 2701 361 2762 bus
391 2702 701 2783 equitibus
736 2721 847 2782 pro
880 2701 1241 2760 munimento
1276 2708 1491 2769 essent,
1520 2698 1599 2760 ad
1640 2699 1802 2778 quod
1835 2719 1900 2760 se
1937 2702 2165 2782 recipe-

254 2808 401 2870 rent,
426 2809 543 2862 aut
564 2799 677 2880 ipsi
702 2797 857 2858 ultro
882 2797 1263 2858 subvenirent
1286 2796 1714 2858 laborantibus.
1801 2795 1996 2875 Igitur
2023 2797 2163 2860 ΟΒ·

254 2919 368 2970 sar,
404 2919 483 2958 ne
520 2897 744 2958 diutius
774 2903 1107 2958 commeatu
1142 2893 1654 2964 intercluderetur,
1687 2894 1924 2956 circiter
1958 2915 2166 2976 passus

254 3003 567 3058 sexcentos
590 2993 821 3071 longius
844 3011 1029 3072 quam
1054 2989 1489 3052 Germanorum
1506 2990 1724 3050 stativa
1743 2999 1933 3062 erant,
1955 2993 2164 3056 enanis

254 3093 477 3172 delegit
512 3092 733 3162 locum,
768 3108 1047 3170 eumque,
1084 3087 1301 3150 frustra
1341 3087 1788 3168 prohibentibus
1823 3086 2160 3160 Germanis,

253 3191 673 3252 communivit:
716 3209 790 3250 ac
821 3187 973 3250 duas
1006 3187 1087 3246 ibi
1126 3185 1385 3266 legiones
1416 3203 1553 3246 cum
1593 3194 1764 3266 purte
1799 3186 2160 3250 auxiliorum

254 3289 519 3370 reliquit,
554 3294 809 3366 quatuor
844 3284 1107 3365 reliquas.
1136 3285 1197 3346 in
1232 3292 1429 3348 castra
1466 3279 1700 3363 majora
1737 3282 1998 3346 reduxit.

328 3392 429 3446 35.
486 3385 850 3454 Ariovistus,
900 3401 1037 3443 cum
1088 3401 1166 3442 ex
1220 3401 1383 3443 more
1437 3379 1694 3442 Caesaris
1738 3379 2047 3462 productae
2097 3379 2160 3444 in

257 3483 439 3544 aciem
492 3481 687 3563 copiae
736 3480 973 3541 circiter
1032 3477 1337 3542 meridiem
1389 3479 1448 3538 in
1508 3486 1708 3538 castra
1761 3477 2160 3549 revertissent,

254 3589 479 3660 partem
516 3597 753 3640 suorum
790 3579 1021 3638 minora
1052 3584 1249 3638 castra
1285 3583 1690 3656 oppugnatum
1727 3574 1907 3636 misit.
1991 3573 2159 3636 Mul·

255 3686 373 3738 tum
424 3679 725 3756 utrimque
770 3675 1073 3754 sanguinis
1116 3672 1329 3734 funum.
1439 3671 1752 3743 Germani,
1803 3691 1868 3732 re
1917 3669 2158 3742 infecta,

254 3775 359 3836 sub
390 3793 676 3836 occasum
710 3772 853 3832 solis
884 3779 1265 3834 recesserunt.
1351 3769 1579 3841 Casar,
1614 3770 1870 3852 quaesita
1901 3787 1980 3830 ex
2015 3787 2162 3848 cap-

254 3871 387 3932 tivis
424 3891 633 3940 causa,
681 3879 917 3951 propter
961 3888 1139 3948 quam
1181 3868 1259 3928 de
1274 3859 1293 3940 J
1303 3886 1535 3929 summa
1582 3886 1774 3927 rerum
1821 3865 2163 3928 Ariovistus

254 3967 569 4030 decernere
610 3966 861 4046 fugeret,
902 3985 1037 4026 eam
1080 3985 1205 4026 esse
1252 3963 1571 4035 intellexit,
1613 3962 1778 4043 quod
1817 3971 2032 4026 matres
2068 3961 2158 4022 fa-

254 4065 469 4138 milias,
496 4083 765 4144 quarum
786 4061 1169 4145 praedictione
1208 4061 1462 4122 multum
1498 4061 1784 4122 Germani
1819 4060 2159 4131 utebantur,

254 4171 536 4244 negarent
568 4161 661 4222 fas
692 4181 819 4220 esse
852 4160 1111 4231 vincere,
1141 4161 1193 4220 si
1226 4179 1441 4220 novam
1476 4167 1615 4220 ante
1653 4157 1856 4219 lunam
1889 4157 2021 4218 acie
2053 4155 2159 4218 de·

250 4267 595 4322 certamem.
676 4257 831 4320 Erat
862 4258 955 4318 bis
987 4277 1063 4317 ea
1093 4255 1411 4338 disciplina
1433 4255 1768 4326 divinandi,
1795 4263 1864 4316 ut
1883 4273 1961 4315 ex
1987 4252 2159 4316 fluvi-

254 4379 415 4420 orum
454 4357 807 4428 vorticibus,
834 4355 1241 4435 undarumque
1278 4355 1469 4416 sonitu
1505 4352 1708 4416 futura
1737 4373 1802 4415 se
1828 4351 2160 4434 prospicere

258 4459 699 4518 arbitrarentur.

2313 508 2492 578 5⁰23

2187 675 2318 728 Cos.

2185 3983 2300 4038 Dio.
2321 3985 2449 4038 Ceo.

2215 4207 2440 4258 Frontin-

2183 4289 2248 4323 rr.
2271 4279 2318 4322 1.
2343 4278 2424 4336 ¹⁶!-

2218 4337 2445 4388 Clemens

2183 4403 2407 4452 Stromat.
2429 4419 2472 4455 r.

2185 4469 2317 4520 Plut.
