3300 5234
820 654 1029 705 unm
1078 654 1291 705 oxu..
1320 656 1967 709 surrnnnnurun.
2323 640 2503 707 5243

257 800 490 883 toribus
540 798 793 863 inimicis
824 802 1147 861 metuebat.
1228 798 1423 879 Igitur
1458 800 1694 862 modica
1725 820 2048 863 conscensa
2081 800 2174 861 bi·
2195 810 2330 867 Piae.

262 902 439 971 remi,
463 902 755 981 corruptis
786 900 1037 982 pecunie
1071 900 1175 980 qui
1210 898 1471 959 claustra
1504 900 1698 960 Phari
1735 898 2170 971 custodiebant,
2197 910 2381 965 Lucan.

260 998 475 1079 primis
510 998 767 1059 tenebris
805 998 885 1059 od
923 998 1143 1076 regiam
1190 997 1389 1057 venit:
1430 1006 1495 1057 et
1533 1018 1607 1057 ne
1642 998 1904 1078 conspici
1944 1017 1983 1056 n
2021 1018 2170 1077 quoa-
2195 1008 2330 1061 Plut.
2371 1042 2380 1051 ·

258 1114 447 1173 quom
488 1102 707 1175 ponet,
730 1094 1011 1155 culcitam
1050 1094 1164 1153 sibi
1190 1094 1411 1153 circum
1436 1096 1678 1173 astringi
1717 1094 1864 1165 loro,
1893 1094 2170 1175 deporta-

260 1190 433 1270 rique
470 1210 577 1271 per
612 1190 1051 1271 Apollodorum
1078 1190 1370 1263 Siculum,
1396 1192 1570 1271 cujus
1592 1190 1734 1251 fidei
1760 1190 2065 1262 credebat,
2093 1188 2174 1251 ad

262 1284 569 1351 caeoarem
594 1288 795 1365 jussit.
2162 1286 2168 1292 ’

340 1388 446 1443 33.
493 1382 571 1443 Id
597 1384 787 1463 primo
804 1390 1199 1443 commentum
1224 1382 1609 1443 admiratione
1631 1382 1936 1444 muliebris
1953 1383 2172 1463 ingenii

258 1480 551 1559 peremit
592 1480 909 1541 Caesarem.
997 1479 1091 1539 Ut
1128 1478 1347 1539 deinde
1382 1478 1461 1539 ed
1500 1479 1958 1541 misericordiam
1992 1480 2169 1542 simul
2197 1476 2316 1527 Dio.

258 1592 639 1656 amoremque
676 1574 955 1636 ciendum
983 1583 1319 1667 ⁸temperato
1352 1574 1523 1636 vultu
1558 1576 1768 1646 nstitit,
1792 1576 2014 1637 eximin
2047 1578 2166 1639 for·
2191 1542 2492 1661 Ξὲῗὲἷρἒ

252 1692 375 1733 mae
412 1681 479 1733 et
510 1671 791 1751 singulari
824 1671 1087 1752 quadem
1122 1673 1315 1751 gratis.
1348 1674 1435 1732 ita
1458 1672 1826 1733 dementavit
1847 1674 2166 1747 hominem,

255 1777 327 1830 ut
368 1768 769 1830 Alexandrini
806 1768 955 1828 belli
994 1769 1148 1830 hanc
1184 1768 1370 1829 solnm
1404 1769 1581 1829 fuisse
1618 1790 1860 1832 causam
1899 1771 2168 1853 plerique

253 1866 619 1927 existiment.
702 1864 825 1925 Sed
866 1864 973 1925 illa
1008 1864 1325 1945 plurimum
1364 1866 1545 1927 etiam
1579 1868 1890 1928 verborum
1932 1868 2163 1928 blandi-

252 1960 359 2021 tiis
391 1963 823 2042 veneribusque
864 1960 1168 2042 pollebat:
1216 1962 1664 2043 compositoque
1704 1963 1784 2024 nd
1827 1965 2166 2049 moestitiam

252 2060 429 2120 vultu
472 2060 881 2140 procumbens,
920 2068 937 2095 ⁶
970 2058 1067 2117 En
1103 2058 1354 2130 ndsum,'
1394 2059 1609 2139 inquit,
1648 2068 1668 2095 ‘
1701 2060 2048 2141 Cleopatra,
2075 2070 2166 2123 tot
2189 2064 2309 2115 Dio·

249 2176 462 2235 regum
502 2155 756 2227 soboles,
796 2144 1019 2235 'tuaque
1062 2154 1427 2236 complector
1468 2176 1686 2235 genua,
1727 2156 1974 2218 cesar:
2015 2158 2162 2219 nihil
2189 2130 2374 2182 Lucan.

248 2252 565 2333 indignum
604 2252 845 2332 fastigio
884 2273 1016 2313 meo
1052 2252 1247 2313 fecere
1284 2262 1521 2333 putans,
1560 2255 1613 2315 si
1655 2254 1788 2325 tibi,
1832 2274 2010 2335 quem
2055 2254 2166 2317 Dii

246 2372 435 2433 supra
468 2352 727 2412 omnium
763 2352 1065 2411 hominum
1092 2352 1465 2429 majestatem
1488 2350 1850 2423 extulerunt,
1877 2360 2164 2433 tanquam

244 2468 625 2511 communem
660 2458 861 2531 regum
904 2458 1083 2530 atque
1118 2449 1379 2529 gentium
1412 2448 1720 2521 arbitrum,
1755 2448 2026 2511 debitum
2060 2450 2166 2513 ho-

248 2566 457 2629 norem
484 2545 757 2607 exhibeo.

240 2692 251 2705 .
332 2650 439 2704 34.
464 2651 504 2706 ‚⁸
532 2642 660 2702 Per
698 2662 881 2703 annos
916 2662 1099 2724 prope
1124 2651 1436 2714 trecentos,
1466 2650 1778 2723 postquem
1803 2662 2047 2723 regnare
2071 2663 2164 2705 se-

242 2740 373 2801 mel
416 2740 629 2801 domus
670 2750 871 2801 nostre
906 2742 1107 2822 coepit,
1148 2742 1273 2801 sine
1317 2742 1742 2802 intermissione
1781 2744 1973 2803 tenuit
2010 2744 2165 2806 hanc

242 2838 517 2919 regiam:
558 2846 621 2897 et
650 2858 757 2919 per
798 2838 933 2899 huic
978 2840 1263 2899 vetustati
1302 2859 1429 2901 mos
1466 2847 1579 2911 est,
1620 2839 1830 2901 endem
1865 2860 2004 2901 cum
2043 2840 2164 2903 fra-

244 2936 441 2995 tribus
491 2944 781 3016 potestate
832 2937 1085 2996 sociatas
1138 2936 1511 2998 matrimonio
1570 2957 1818 3017 regnare
1877 2938 2164 2999 foeminas.

244 3022 337 3092 Id
376 3052 497 3092 non
532 3052 641 3093 suo
661 3032 863 3112 'magis
890 3032 1147 3113 judicio,
1174 3054 1353 3113 quem
1390 3034 1652 3113 priorum
1685 3034 1968 3105 omnium,
1994 3041 2167 3113 peter

242 3148 421 3189 mens
460 3148 619 3189 nunc
659 3150 895 3210 qnoque
938 3128 1067 3189 fieri
1100 3130 1321 3209 jussit:
1368 3130 1475 3190 sed
1514 3130 1794 3191 voluntas
1833 3130 1964 3209 ejus
1999 3150 2164 3210 sper·

240 3226 430 3297 nitur,
454 3226 793 3287 testamenti
818 3225 957 3288 vilis
986 3234 1077 3286 est
1112 3226 1341 3306 religio,
1366 3247 1603 3307 unaque
1629 3224 1835 3308 populi
1873 3224 2162 3298 Romani,

238 3322 357 3381 sed
396 3330 461 3381 et
494 3330 621 3392 tuo,
650 3321 875 3393 Caesar,
901 3321 1223 3403 despicitur
1262 3325 1601 3385 auctoritas.
1688 3322 1830 3384 Nec
1863 3324 1940 3385 de
1979 3324 2162 3386 fratre

240 3438 483 3499 queror.
568 3418 737 3478 Puer
773 3426 885 3490 est,
922 3427 1004 3491 et,
1048 3438 1185 3499 quoe
1226 3419 1449 3481 ultimae
1488 3420 1662 3481 sortis
1693 3428 1788 3481 est
1821 3419 2160 3500 indignitas,

238 3516 493 3577 famulis
538 3516 661 3576 suis
706 3518 906 3578 servit.
1014 3514 1165 3577 Non
1216 3516 1321 3578 ille
1372 3538 1469 3578 me
1518 3518 1744 3598 dejecit
1793 3538 1996 3597 regno,
2045 3522 2163 3581 mei

240 3622 537 3694 quantum
576 3613 747 3675 licuit
778 3633 1017 3675 amans:
1058 3613 1163 3675 sed
1202 3614 1469 3695 ejusdem
1510 3615 1572 3676 id
1608 3615 1806 3676 scelus
1845 3626 1958 3688 est,
1989 3619 2164 3698 cujus

240 3719 307 3771 et
344 3710 615 3771 Romani
646 3710 948 3792 quondam
984 3711 1239 3773 nominis
1260 3712 1535 3793 princeps
1558 3712 1906 3774 interfectus
1924 3732 1962 3773 :.
1983 3734 2160 3794 quem

238 3808 293 3868 si
326 3808 411 3868 ob
445 3815 703 3868 veterem
742 3806 1011 3886 gloriam,
1038 3816 1103 3868 et
1136 3808 1195 3867 in
1234 3817 1493 3869 nostram
1528 3807 1774 3869 domum
1788 3810 2020 3898 Omerita
2051 3829 2160 3869 no-

240 3904 475 3975 luisset,
518 3903 801 3975 debebat,
842 3903 941 3965 vel
986 3904 1131 3984 quia
1169 3924 1349 3983 gener
1388 3912 1527 3965 tuus
1566 3904 1734 3975 olim,
1771 3904 1868 3965 vel
1909 3904 2160 3966 aemulus

238 4022 433 4083 nuper
456 4000 593 4073 fuit,
618 4000 893 4063 revereri.
975 4000 1269 4082 Princeps
1290 4010 1575 4063 terrarum
1602 4002 1881 4084 populus,
1905 4001 2158 4063 ducibus

240 4101 381 4161 hinc
426 4098 691 4171 Caesare,
716 4098 855 4159 inde
892 4096 1217 4180 PompeiO,
1242 4101 1559 4159 concurrit.
1644 4100 1806 4167 Quis
1839 4102 1991 4160 inter
2023 4100 2156 4160 hoec

240 4198 481 4279 aliquos
516 4216 645 4258 esse
684 4197 890 4259 credat
928 4198 1185 4258 eunuchi
1219 4198 1461 4278 partes?
1542 4198 1640 4258 At
1670 4198 2010 4275 (audaciam
2045 4198 2152 4258 ho-

238 4295 417 4357 minis
438 4295 493 4372 l)
532 4293 638 4353 ille
670 4294 785 4354 sibi
818 4292 916 4355 vel
953 4294 1171 4375 primns
1204 4294 1495 4355 vindicat.
1576 4293 1674 4354 Tu
1708 4295 1928 4373 fugasti
1955 4294 2150 4355 Pom-

241 4390 481 4471 peinm;
534 4389 639 4477 5¹¹9
682 4390 939 4454 occidit:
991 4399 1057 4452 tu
1104 4376 1427 4472 profligesti
1472 4400 1708 4474 pertes3
1765 4390 1870 4453 ille
1913 4392 2152 4453 sustulit

239 4486 477 4549 ducem.
