3300 5234
956 546 1165 596 mum
1216 544 2135 599 cxix.nul³1³1.nunn·run.
2483 530 2656 597 5427

431 688 691 767 legiones
740 690 919 749 robur
964 690 1263 751 exercitus
1312 691 1421 751 abs
1436 732 1447 745 -
1464 700 1524 753 te
1572 691 2023 753 abducerentur.
2108 688 2330 771 Neque
2425 696 2448 707 “

428 784 823 867 desperabant
870 784 1023 857 fore,
1074 796 1144 847 ut
1192 786 1474 847 alteruter
1526 797 1785 849 vesta-um
1831 787 1996 849 bello
2045 788 2330 857 interiret,

427 890 723 963 superstes
760 884 921 943 solus
960 893 1024 944 ct
1062 882 1395 947 imbecillus
1432 884 1611 946 facile
1661 885 2003 947 tolleretur:
2041 894 2218 965 atquc
2245 884 2332 944 ita

428 999 683 1059 prorsus,
728 983 1019 1062 oppressis
1048 983 1182 1061 jam
1224 983 1303 1043 ab
1328 983 1497 1045 initio
1527 983 1782 1045 emis
1818 982 2107 1063 partibus,
2138 979 2328 1041 Pom-

428 1077 657 1157 peianae
693 1087 1073 1157 resurgerent.
1234 1140 1239 1143 .

509 1178 610 1235 23.
654 1184 675 1211 ‘
698 1174 909 1256 Atque
940 1177 1093 1237 hanc
1118 1178 1261 1259 ipsis
1284 1176 1659 1239 consiliorum
1675 1180 1809 1257 jam
1835 1174 2016 1237 fuisse
2037 1194 2328 1235 summam

428 1271 588 1331 novi.
672 1269 842 1332 Nam
876 1281 939 1333 et
977 1272 1257 1354 pleroque
1296 1294 1371 1335 eo
1408 1284 1670 1355 tempore
1711 1270 1956 1343 Romae,
1995 1281 2059 1333 et
2096 1274 2326 1335 senatui
2385 1288 2495 1337 cic.
2522 1286 2652 1342 Phil.

426 1366 699 1428 interfui:
736 1388 927 1447 neque
950 1370 1138 1431 vitavi
1162 1370 1521 1453 suspiciones
1544 1380 1726 1451 atque
1752 1390 1948 1441 voces,
1975 1370 2137 1451 quod
2165 1390 2326 1431 men·
2353 1368 2454 1403 ¹¹¹·
2475 1357 2526 1403 ⁷·

424 1464 649 1525 tionem
695 1466 861 1545 pacis
911 1476 1091 1547 atque
1138 1468 1471 1530 concordiae
1516 1467 1711 1528 intuli.
1793 1452 2073 1527 Ceterum
2118 1478 2327 1549 postea
2349 1481 2568 1549 Appian-

424 1580 662 1641 quoque
688 1580 805 1621 non
828 1562 1000 1633 mihi,
1026 1584 1143 1625 non
1166 1564 1253 1625 A.
1282 1565 1514 1638 Hirtio,
1540 1585 1678 1627 cum
1705 1563 1784 1625 ad
1809 1564 2036 1624 bellum
2065 1564 2324 1626 mittere-

424 1678 575 1731 mur,
618 1658 738 1719 alia
780 1679 946 1721 mens
989 1659 1123 1733 fuit,
1164 1682 1345 1743 quam
1388 1672 1455 1723 nt
1494 1661 1850 1733 Antonium,
1879 1660 2177 1741 castigata
2212 1663 2326 1723 viri

422 1756 723 1836 superbia,
749 1756 1123 1818 redderemus
1154 1758 1637 1830 commodiorem,
1663 1757 1880 1819 deinde
1917 1758 2324 1819 reconciliare·

424 1871 553 1913 mus
576 1853 707 1914 tibi.
791 1851 939 1915 Non
964 1856 1123 1916 enim
1147 1857 1501 1937 putabamus
1526 1855 1692 1916 aliud
1719 1876 1758 1917 a
1783 1855 1952 1916 nobis
1975 1854 2104 1915 fieri
2133 1876 2324 1936 pooee,

422 1947 523 2009 vel
548 1949 871 2013 referendae
896 1953 1082 2033 patris
1108 1954 1193 2013 tui
1218 1953 1442 2014 meritis
1468 1954 1674 2034 gratiae
1701 1953 1934 2026 melius,
1960 1952 2058 2014 vel
2083 1952 2328 2015 firman·

422 2044 519 2107 dis
541 2050 807 2129 partibus
832 2051 1043 2111 nostris
1068 2050 1293 2111 utilius.

505 2149 607 2205 24.
647 2154 664 2181 ‘
690 2144 812 2206 Sed
857 2146 970 2207 hoc
992 2147 1242 2228 ‚quidem
1272 2146 1604 2219 consilium,
1640 2145 1800 2227 quod
1841 2145 2129 2207 occultari
2149 2188 2156 2196 ‚
2173 2146 2324 2207 inte-

422 2241 535 2301 rim
562 2242 713 2303 ratio
737 2242 875 2315 fuit,
912 2264 1073 2305 nunc
1108 2244 1381 2307 Antonio
1419 2246 1602 2317 victo,
1633 2244 1831 2305 occiso
1859 2242 2094 2313 Hirtio,
2129 2252 2193 2305 et
2227 2263 2324 2305 me

422 2339 483 2399 in
509 2338 637 2401 fata
672 2340 1057 2414 concedente,
1099 2352 1325 2403 mature
1366 2343 1475 2403 tibi
1517 2341 1754 2423 aperio:
1801 2360 1919 2400 non
1947 2348 2014 2400 ut
2039 2360 2076 2401 a
2103 2350 2164 2401 te
2188 2360 2322 2421 gra-

420 2438 566 2497 tiam
586 2438 803 2511 ineam,
830 2458 967 2519 quae
994 2440 1263 2500 morienti
1282 2460 1414 2501 sera
1438 2448 1500 2499 et
1517 2438 1882 2499 infructuosa
1901 2445 2013 2509 est,
2029 2437 2134 2498 sed
2153 2439 2320 2518 quia,

420 2534 916 2613 quemadmodum
966 2535 1285 2597 ostendunt
1328 2538 1549 2609 omnia,
1602 2535 1750 2596 felix
1799 2536 2062 2595 nascenti
2115 2536 2322 2613 genius

422 2630 631 2702 affuit3
664 2633 753 2693 uti
777 2633 869 2693 his
890 2634 1165 2713 cognitis,
1180 2642 1243 2694 et
1259 2652 1397 2714 quae
1416 2635 1527 2694 tibi
1550 2634 1672 2693 sint
1685 2631 1859 2693 utilia
1877 2632 2077 2704 scires,
2097 2651 2320 2692 meam-

420 2749 539 2809 que
574 2728 749 2791 simul
774 2739 953 2810 atque
983 2730 1177 2792 Hirtii
1209 2751 1346 2792 cum
1368 2731 1760 2803 voluntatem,
1796 2738 1923 2792 tum
1947 2748 2083 2809 quae
2109 2738 2322 2809 praeter

420 2823 589 2887 illam
610 2824 807 2888 facere
826 2829 1023 2889 coacti
1048 2848 1269 2900 sumus,
1295 2827 1673 2907 intelligeres.

499 2930 602 2985 25.
645 2932 663 2959 ‘
686 2922 1035 2985 Exercitum
1062 2934 1261 2985 autem
1286 2946 1463 3005 quem
1490 2925 1615 3005 ipse
1637 2922 1858 3003 dedisti
1887 2923 2059 2982 nobis
2083 2930 2144 2981 te
2169 2923 2318 2983 reci-

420 3040 559 3101 pere
602 3020 841 3081 minime
882 3020 1236 3081 invidiosum
1283 3022 1427 3083 erit:
1478 3041 1615 3081 eum
1656 3022 1856 3101 itaque
1891 3019 2006 3079 tibi
2051 3020 2318 3094 restituo.

420 3114 645 3197 Neque
698 3136 839 3179 vero
882 3118 1127 3178 moleste
1176 3116 1363 3179 ferent
1414 3126 1634 3199 patres,
1689 3118 1834 3187 satis
1885 3116 2126 3195 cognito
2171 3116 2317 3193 (non
2373 3150 2560 3201 cierat

418 3216 574 3275 enim
595 3222 829 3277 tentare
854 3215 1267 3295 neglexerunt)
1307 3214 1485 3275 nullis
1510 3214 1946 3277 conditionibus
1971 3214 2214 3294 perduci
2239 3212 2316 3274 ad
2340 3216 2472 3296 Fam:
2486 3219 2648 3267 ΠΜ·

421 3310 675 3371 Brutum
720 3332 909 3393 possc.
987 3310 1236 3372 Tirones
1277 3332 1439 3372 meos
1485 3332 1591 3393 per
1638 3332 1736 3373 me
1779 3311 1925 3373 licet
1963 3311 2087 3392 ipse
2135 3310 2318 3372 etiam
2338 3281 2554 3349 ΑΡΡΜ·

418 3408 658 3471 habeas.
739 3406 925 3477 Quod
950 3409 1001 3469 si
1027 3407 1179 3469 forte
1206 3409 1388 3471 nimia
1410 3418 1647 3470 senatus
1672 3407 2000 3469 reverentia
2023 3415 2316 3480 tenentur,

415 3506 601 3567 satius
622 3505 739 3569 erit
761 3506 1033 3587 relinqui.
1120 3507 1296 3568 Cnrae
1320 3508 1481 3594 enim
1505 3506 1622 3568 fuit
1647 3506 1900 3578 senatui,
1924 3513 1990 3566 ut
2013 3506 2120 3565 lios
2133 3506 2318 3566 habe-

416 3614 507 3664 ret
559 3605 621 3664 in
674 3612 988 3686 potestate.
1073 3602 1267 3683 Igitur
1311 3612 1373 3665 et
1416 3604 1684 3665 tribunos
1733 3603 1975 3682 delegit,
2023 3620 2063 3663 a
2105 3601 2322 3681 quibus

418 3720 533 3760 non
564 3702 783 3762 milites
818 3700 1015 3773 modo,
1056 3701 1161 3761 sed
1205 3702 1385 3762 etiam
1430 3720 1536 3761 nos
1569 3700 1840 3761 consules
1871 3698 2319 3761 custodiremur.

419 3795 589 3873 Rern
607 3798 785 3876 igitur
816 3798 1060 3879 majoris
1094 3796 1334 3859 invidiae
1356 3816 1545 3877 quam.
1568 3796 1865 3869 utilitatis,
1901 3804 1966 3856 et
2001 3804 2136 3855 ante
2167 3804 2316 3855 tem·

416 3912 529 3973 pus
561 3903 622 3954 te
656 3895 1099 3967 excitaturum,‘¹
1136 3894 1329 3955 omitti
1360 3895 1543 3954 satius
1581 3892 1781 3953 fucrit.
1866 3890 2064 3972 Igitur
2095 3890 2174 3952 ad
2210 3890 2318 3952 hos

481 4058 507 4095 ⁴¹
544 4062 612 4111 Et
644 4067 759 4111 ante
793 4066 975 4126 tenpus
1012 4066 1063 4112 te
1096 4061 1331 4111 excitatu-
1388 4061 1579 4121 sactm
1614 4060 1703 4109 boc
1733 4048 1878 4109 nimis
1917 4058 2012 4109 cito
2057 4063 2105 4107 te
2138 4062 2316 4108 emovet

415 4124 544 4189 ram]
580 4125 836 4176 Fideliter
854 4126 1017 4177 vertit
1038 4125 1331 4190 Appianum
1360 4139 1368 4149 ·
1402 4140 1465 4175 ex
1486 4126 1571 4195 illa
1596 4124 1901 4175 anciliorum
1930 4124 2012 4173 via
2031 4138 2171 4187 qun·
2202 4122 2314 4171 Ιωσ·

417 4190 823 4253 Freinshemius,
847 4199 901 4241 at
922 4206 1025 4242 non
1048 4194 1195 4242 claro
1216 4206 1333 4241 sen·
1402 4196 1537 4240 tem
1586 4194 1776 4239 secum
1827 4204 1896 4245 ee,
1949 4196 2006 4239 et
2048 4187 2113 4238 ad
2158 4188 2313 4237 aliam

417 4270 501 4305 au.
548 4256 731 4307 Verba
756 4255 983 4321 Appiani
1016 4263 1163 4321 sunt,
1193 4254 1253 4305 τό
1274 4272 1331 4306 τι
1402 4253 1676 4306 transfert.
1735 4252 2006 4304 Hactenus
2023 4253 2316 4316 obsequen·

416 4318 560 4384 {mv
584 4354 599 4371 .
626 4354 641 4370 .
664 4353 681 4372 .
700 4319 794 4385 :pb
812 4322 903 4372 τοῦ
938 4320 1127 4372 δέοντος
1148 4318 1329 4384 &ewic-
1401 4328 1508 4371 tem
1543 4328 1599 4370 tc
1638 4318 1841 4369 senatui
1883 4316 2186 4381 prebuistiz
2237 4324 2314 4381 at,

414 4386 531 4446 τησί
548 4402 624 4451 u,
644 4384 699 4437 id
719 4396 819 4445 cn,
863 4386 907 4439 sl
934 4386 1059 4454 quid
1079 4385 1333 4451 videmus,
1400 4387 1445 4437 si
1468 4386 1670 4437 tirones
1691 4384 1808 4436 illos
1829 4383 2036 4450 recipis,
2057 4384 2316 4434 voluntati
