3300 5234
1718 519 1788 568 '1'-
1839 517 2031 568 leil

1049 679 1246 741 noque
1291 660 1693 740 megisti-atus,
1738 679 1933 742 noque
1963 659 2321 743 provincias,
2360 679 2472 722 nec
2506 661 2828 734 exercitus,
2868 671 2985 722 aut

1051 757 1242 820 ullam
1265 757 1615 840 reipublicoe
1641 765 1872 840 partem
1896 757 2125 820 senuui
2162 757 2503 840 populoque
2529 757 2813 820 Romano
2838 758 2977 820 red-

1051 855 1229 928 didit,
1256 855 1362 918 sed
1384 875 1494 916 suo
1520 857 1701 918 unius
1726 857 1973 918 arbitrio
2012 857 2323 918 constituit
2353 857 2575 928 omnia,
2604 855 2783 939 Sylla
2804 855 2979 920 dete·

1051 954 1192 1025 rior,
1222 954 1328 1033 qui
1363 961 1566 1014 tamen
1593 952 2197 1034 aliquando-satiatus
2222 953 2397 1015 malis
2423 954 2675 1037 publicis
2696 953 2981 1016 domina·

1051 1051 1278 1113 tionem
1297 1049 1609 1134 deposuit:
1637 1071 1773 1133 quoe
1798 1069 1917 1114 non
1936 1051 2137 1114 dicam
2162 1053 2415 1134 species,
2441 1051 2547 1114 sed
2571 1071 2710 1132 quae
2734 1051 2977 1114 omnino

1053 1167 1196 1229 spes
1223 1147 1518 1228 superfuit
1549 1147 1881 1210 libel-tatu?

1137 1251 1240 1308 89.
1284 1252 1304 1281 ⁶
1338 1243 1524 1306 Dicet
1557 1243 1801 1326 aliquis,
1839 1243 1963 1306 fuit
2001 1243 2243 1325 quidem
2283 1243 2661 1306 vindicando
2692 1242 2865 1304 vobis
2898 1241 2979 1304 li-

1055 1341 1304 1403 bertatis
1337 1362 1522 1404 causa
1547 1343 1921 1423 justissima:
1960 1341 2067 1404 sed
2090 1349 2531 1404 sacrosanctum
2554 1339 2829 1404 occidere
2856 1360 2979 1404 non

1055 1440 1364 1502 debuistis.
1436 1441 1546 1502 An
1585 1440 1790 1520 igitur,
1824 1440 1877 1501 si
1910 1459 2149 1520 aequum
2180 1441 2478 1521 utrimque
2500 1439 2607 1519 jus
2640 1447 2817 1512 esset,
2860 1439 2982 1500 ali-

1057 1557 1238 1618 quem
1263 1535 1524 1616 gaudere
1567 1537 1661 1598 fas
1696 1545 1791 1598 est
1827 1535 2126 1598 beneficio
2154 1536 2323 1615 legis,
2361 1555 2544 1619 quam
2585 1537 2713 1617 ipse
2736 1534 2985 1596 violarit

1059 1634 1258 1716 prior?
1339 1633 1464 1696 Sed
1504 1643 1570 1696 et
1602 1653 1789 1696 causa
1826 1634 2004 1714 longe
2044 1642 2138 1695 est
2179 1633 2499 1694 dissimilis.
2584 1633 2877 1694 Canutius
2917 1642 2987 1694 et

917 1785 928 1794 .
1061 1730 1369 1792 Marullus
1387 1750 1510 1812 qua
1530 1740 1827 1812 potestate
1848 1729 2119 1791 fuerunt?
2164 1729 2409 1811 Nempe
2428 1729 2768 1801 tribunicia,
2796 1749 2985 1810 quam

1059 1827 1482 1907 antiquie-imae
1502 1827 1663 1906 leges
1672 1827 2071 1909 jurejurando
2086 1827 2379 1906 majorum
2387 1825 2758 1888 confirmata
2776 1845 2982 1887 sacro-

1057 1933 1327 1986 sanctam
1352 1945 1478 1986 esse
1493 1925 1819 2004 jusserunt.
1898 1923 2025 1986 Sed
2049 1924 2160 1986 hos
2184 1924 2247 1984 in
2272 1923 2521 1985 exilium
2546 1923 2753 2003 exegit
2770 1922 2986 1984 (ἑαυ-

1061 2020 1452 2094 indemnatos,
1490 2041 1679 2103 quos,⁴
1698 2021 1841 2082 dum
1887 2021 1998 2082 illa
2022 2028 2318 2102 potestate
2360 2019 2779 2100 fungebantur,
2812 2039 2891 2080 ne
2917 2019 2985 2080 in

1049 2119 1158 2198 jus
1181 2117 1426 2197 quidem
1451 2137 1665 2180 vocare
1689 2116 1783 2179 fas
1808 2126 1939 2178 erat
1962 2118 2263 2198 cuiquam.
2348 2117 2437 2178 Bt
2472 2116 2565 2178 illi
2591 2125 2791 2178 tamen
2815 2114 2991 2176 haud·

1062 2211 1246 2275 dubie
1271 2214 1655 2277 sacrosancti.
1744 2213 1975 2286 Caesar,
1999 2213 2147 2294 quia
2170 2213 2383 2287 voluit,
2408 2214 2554 2296 quia
2578 2213 2779 2292 coegit
2802 2213 2986 2272 armis

1063 2331 1139 2373 ac
1157 2319 1374 2374 terrore
1394 2321 1491 2373 tot
1505 2303 1948 2374 interfectorum
1962 2310 2207 2383 civium,
2228 2321 2641 2374 sacrosanctus
2657 2309 2793 2370 fuit.
2844 2307 2985 2368 Vo-

1063 2407 1356 2472 luntatem
1387 2410 1566 2489 igitur
1605 2429 1773 2470 suam
1798 2409 2037 2489 vimque
2073 2415 2339 2480 accuset,
2380 2427 2519 2489 quae
2548 2408 2695 2470 dare
2730 2407 2788 2468 ei
2823 2407 2989 2469 hunc

1065 2515 1388 2587 potuerunt
1413 2507 1717 2578 honorem,
1744 2507 1897 2566 tueri
1922 2525 2039 2565 non
2064 2513 2401 2586 potuerunt.

1145 2609 1248 2664 90.
1277 2610 1295 2639 ⁴
1322 2601 1445 2664 Sed
1464 2600 1616 2663 forte
1641 2600 1825 2664 semel
1844 2603 1937 2662 ira
1961 2600 2157 2662 elatus
2177 2601 2268 2663 sic
2284 2600 2565 2682 peccavit
2583 2599 2810 2660 cm.
2874 2595 2988 2659 In·

1066 2696 1240 2760 firma
1265 2698 1530 2760 defensio
1543 2699 1572 2758 ,Ι
1617 2718 1729 2760 nec
1754 2697 1911 2759 enim
1934 2699 2216 2778 cuiquam
2240 2698 2331 2760 sic
2367 2697 2510 2759 lieet
2543 2716 2671 2757 esse
2696 2695 2875 2768 irato,
2918 2704 2991 2756 ut

1067 2794 1264 2876 patrie
1275 2797 1420 2875 ,iura
1443 2796 1773 2866 subvertat,
1804 2793 1985 2856 tollat
2020 2794 2353 2873 religiones,
2395 2792 2637 2875 piaculo
2674 2793 2989 2854 civitatem

1067 2892 1314 2972 obliget.
1399 2889 1524 2954 Sed
1562 2910 1640 2952 ne
1664 2911 1809 2952 vera
1832 2881 2075 2973 quidem
2098 2899 2271 2952 esset.
2355 2891 2515 2957 Quis
2533 2890 2693 2951 euim
2728 2889 2814 2956 Q.
2844 2887 2987 2948 Me-

1067 2987 1216 3049 tello
1261 2989 1500 3050 tribuno
1539 2987 1732 3070 plebis
1776 2987 2085 3050 minitatus
2124 2994 2217 3047 est
2254 2987 2547 3048 mortem?
2608 2986 2817 3047 Gaesar
2848 3005 2987 3066 pro-
3020 2980 3027 2984 ’

1065 3085 1264 3147 fecto:
1307 3104 1419 3147 nec
1445 3086 1524 3147 ab
1562 3085 1653 3146 ira
1686 3093 1813 3146 tum
1850 3083 2117 3166 quidem,
2154 3082 2265 3144 sed
2297 3083 2651 3146 effracturus
2688 3082 2989 3152 aererium,

1067 3189 1134 3242 et
1172 3181 1476 3263 rapiendae
1523 3180 1780 3263 publicae
1828 3181 2097 3262 pecuniae
2148 3199 2349 3240 causa.
2453 3179 2751 3241 Desinant
2803 3178 2989 3256 igitur

1067 3278 1426 3359 exprobrare
1450 3279 1624 3340 nobis
1657 3277 2008 3359 perjurium,
2030 3295 2185 3358 quos
2222 3295 2415 3356 neque
2451 3277 2773 3337 obstrictos
2800 3273 2987 3334 fuisse

1041 3373 1198 3434 ·ulla
1244 3375 1530 3454 religione
1584 3382 1857 3457 apparet,
1901 3375 2047 3456 quin
2094 3373 2257 3454 quod
2301 3373 2574 3442 fecimus,
2618 3371 2987 3440 faceremus.
2969 3392 2985 3407 ·

1047 3489 1180 3532 nec
1217 3489 1352 3532 eam
1379 3489 1502 3551 que
1525 3471 1745 3532 fuimus
1768 3471 2062 3542 obstricti,
2102 3470 2228 3531 ullo
2262 3479 2441 3551 pacto
2475 3469 2753 3530 violasse.
2832 3466 2988 3529 Non

1067 3571 1225 3630 enim
1265 3571 1694 3652 praeteritorum
1744 3569 2173 3632 maleficiorum
2217 3589 2259 3630 a
2308 3567 2550 3630 Coesare
2592 3587 2798 3652 poenas
2842 3587 2991 3628 exe·-

1068 3668 1279 3747 gimus,
1318 3685 1456 3750 quae
1493 3671 1667 3729 erent
1679 3667 2072 3748 jurejurando
2098 3666 2393 3728 remissae.
2434 3665 2543 3727 sed
2587 3667 2993 3746 importunum

1067 3772 1410 3846 tyrannum,
1439 3785 1550 3826 nec
1574 3762 2039 3826 dominationem
2066 3763 2179 3824 nisi
2202 3783 2343 3824 cum
2364 3763 2493 3824 vita
2515 3762 2867 3844 positurum,
2908 3761 2989 3821 ob

1068 3880 1146 3922 ea
1167 3883 1306 3944 quae
1329 3871 1537 3944 postea
1555 3871 1838 3943 peccarat
1860 3871 2328 3944 peccaturusque
2346 3868 2477 3920 erat
2503 3857 2988 3930 innumerabilia,

1071 3960 1402 4022 cervicibus
1423 3979 1719 4041 oppressa
1740 3959 2009 4024 civitatis
2028 3956 2387 4040 depulimus.

1153 4061 1256 4118 91.
1300 4064 1318 4093 ⁴
1337 4054 1540 4118 Taceo
1566 4058 1701 4136 jam
1732 4055 2031 4138 plerisque
2056 4054 2271 4128 videri,
2299 4073 2375 4114 ne
2400 4049 2821 4133 jusjurandum
2856 4051 2990 4132 qui-

1071 4151 1210 4214 dem
1235 4161 1488 4234 tyranno
1517 4153 1725 4216 datum
1760 4154 1981 4215 servari
2012 4159 2283 4233 oportere
2313 4171 2328 4211 ε
2372 4151 2537 4231 quod
2562 4169 2699 4212 cum
2733 4169 2807 4210 eo
2850 4148 2987 4208 nul-

1073 4248 1200 4310 lum
1221 4270 1346 4312 esse
1371 4252 1558 4332 possit
1578 4253 1997 4314 commercium
2015 4251 2116 4311 vel
2136 4248 2521 4311 humanitatis
2542 4247 2639 4308 vel
2660 4247 2987 4326 religionis,

1075 4348 1179 4428 qui
1214 4347 1422 4412 divina
1452 4357 1634 4430 atque
1676 4350 1937 4412 humane
1961 4347 2161 4410 omnia
2187 4347 2489 4429 pervertit.
2574 4343 2761 4414 Quod
2786 4344 2987 4424 igitur,
