3300 5234
702 472 881 543 6124
1685 491 1757 541 τ.
1803 490 2001 541 mvn

1032 628 1392 693 municanda
1432 630 1684 693 consilia
1725 640 2008 693 venerat:
2055 639 2119 692 et
2156 630 2301 713 quia
2339 630 2416 693 de
2453 650 2686 693 summa
2723 628 2960 713 imperii

991 748 999 763 ·
1030 728 1429 789 controversia
1464 737 1593 789 erat
1616 728 1695 788 ab
1722 727 1938 789 AEduis
1961 736 2144 801 mota,
2173 729 2354 789 totius
2379 728 2604 789 Galliae
2629 728 2958 789 concilium

1035 824 1321 887 Bibracte
1366 824 1656 885 indictum
1699 834 1810 886 est.
1929 824 2032 885 Ibi
2073 846 2360 886 consensu
2401 828 2663 886 omnium
2697 826 2962 887 Vercin-

1032 922 1307 1001 gentorix
1342 921 1660 1003 imperator
1693 922 2072 993 constitutus,
2097 924 2364 1003 equitum
2395 922 2590 983 millia
2614 922 2960 1003 quindecim

1027 1018 1353 1089 contrahit,
1403 1027 1471 1077 ut
1512 1017 2068 1078 frumentationibus
2101 1019 2694 1099 pabulationibusque
2721 1016 2962 1079 Roma·-

1033 1134 1142 1174 nos
1179 1122 1425 1175 arceret.
1510 1113 1587 1173 In
1626 1112 2014 1193 Allobrogas,
2041 1115 2302 1195 itemque
2343 1114 2532 1175 altera
2567 1136 2646 1175 ex
2683 1124 2860 1196 parte
2902 1116 2960 1174 in

1036 1208 1301 1271 Helvios
1345 1210 1609 1290 aliosque
1658 1210 1918 1271 Caesaris
1961 1212 2154 1273 socios
2191 1212 2398 1292 copias
2441 1212 2647 1282 mittit,
2688 1231 2832 1293 quae
2872 1212 2964 1271 his

1032 1306 1260 1367 bellum
1302 1306 1579 1367 inferant.

1116 1409 1175 1463 3.
1222 1402 1449 1475 Caesar,
1476 1402 1810 1464 interclusis
1833 1404 2110 1465 omnibus
2135 1406 2194 1465 in
2223 1404 2588 1485 provinciam
2613 1413 2677 1465 et
2708 1403 2962 1465 Italiam

1033 1500 1369 1573 itineribus,
1396 1500 1680 1561 adversus
1715 1500 2025 1561 Gallicum
2061 1503 2410 1583 equitatum,
2437 1502 2666 1563 auxilia
2696 1500 2961 1563 Germa-

1033 1616 1239 1657 norum
1278 1605 1441 1657 trans
1481 1596 1770 1657 Rhenum
1795 1596 2115 1657 colentium
2141 1608 2358 1661 evocat
2382 1600 2460 1659 ab
2487 1600 2562 1657 iis
2585 1598 2960 1669 civitatibus,

1032 1711 1185 1773 quas
1228 1692 1523 1773 superiore
1570 1713 1728 1753 anno
1773 1702 2114 1774 pacaverat.
2219 1694 2337 1766 Hi,
2383 1695 2486 1755 ubi
2526 1715 2666 1756 cum
2707 1694 2963 1755 delectis

1032 1786 1333 1869 peditibus
1390 1810 1510 1850 una
1572 1789 1832 1871 praeliari
1901 1790 2091 1850 solitis
2157 1790 2474 1862 affuerunt,
2543 1789 2705 1870 quod
2776 1810 2964 1871 equos

1035 1902 1245 1965 parum
1294 1884 1538 1947 idoneos
1585 1886 1914 1957 habebant,
1963 1886 2170 1948 Caesar
2220 1888 2296 1947 iis
2343 1896 2568 1947 sumtos
2620 1906 2660 1947 a
2705 1886 2962 1947 tribunis

1034 1981 1291 2043 militum
1330 1984 1748 2065 equitibusque
1795 1984 2092 2045 Romanis
2134 1983 2476 2045 distribuit:
2529 1992 2614 2056 et,
2656 2004 2784 2063 quo
2824 2004 2959 2065 pro-

1032 2080 1247 2141 vinciae
1288 2079 1526 2141 facilius
1570 2101 1746 2162 opem
1785 2080 1932 2141 ferre
1974 2089 2192 2161 posset,
2237 2082 2298 2141 in
2341 2080 2656 2163 Sequanos
2698 2100 2812 2161 per
2855 2099 2958 2141 ex·-

1034 2184 1253 2237 tremos
1286 2175 1622 2257 Lingonum
1663 2175 1810 2237 fines
1844 2175 2249 2259 proficiscitur.
2333 2178 2498 2239 Haec
2527 2178 2730 2257 agenti
2755 2198 2960 2259 super-

1032 2272 1198 2335 venit
1228 2292 1367 2334 cum
1400 2275 1738 2354 ingentibus
1771 2274 1958 2355 copiis
1995 2274 2540 2354 Vercingentorix:
2583 2282 2647 2334 et
2679 2293 2823 2335 cum
2857 2274 2956 2332 tri:

1032 2369 1147 2429 bus
1184 2369 1333 2433 locis
1366 2374 1625 2452 equestri
1664 2371 1871 2453 praelio
1911 2371 2259 2433 dimicatum
2299 2373 2404 2433 din
2441 2371 2676 2443 fuisset,
2711 2369 2956 2431 tandem

1033 2466 1253 2528 virtute
1304 2468 1742 2531 Germanorum
1783 2468 1972 2531 vincit
2019 2468 2264 2539 Casan
2330 2468 2650 2550 multisque
2697 2468 2958 2527 hostiurn

1034 2562 1383 2638 interfectis,
1422 2568 1788 2648 principibus
1825 2566 2056 2647 aliquot
2103 2568 2322 2649 captis,
2365 2566 2956 2645 Vercingentorigem

1034 2661 1113 2722 ad
1150 2664 1619 2726 Mandubiorum
1657 2664 1944 2746 oppidum
1969 2664 2244 2725 Alesiam
2269 2664 2581 2726 cedentem
2607 2666 2956 2745 insequitur.

712 2786 843 2839 Plut.
865 2786 995 2838 σε»,
1116 2768 1180 2821 4.
1226 2760 1349 2821 Sed
1388 2762 1742 2843 principium
1769 2763 1898 2841 ejus
1921 2782 2136 2844 pugnae
2161 2762 2374 2821 durum
2401 2761 2699 2821 Romanis
2721 2760 2954 2821 fuerat:

1035 2855 1577 2937 suspenderuntque
1606 2857 1870 2919 Arverni
1905 2860 1966 2919 in
2001 2859 2370 2919 sanctissimo
2407 2858 2629 2938 templo
2665 2856 2954 2937 gladium,

1038 2970 1216 3031 quem
1250 2951 1327 3013 de
1356 2952 1595 3012 Coesare
1620 2961 1748 3013 tum
1773 2962 2017 3034 captum
2045 2954 2344 3013 dicebant.
2429 2952 2956 3034 Feruntque‘post-

1036 3068 1113 3111 ea
1166 3049 1465 3109 Caesarem
1520 3058 1844 3131 conspecto
1893 3070 1968 3111 eo
2017 3050 2298 3121 arrisisse,
2351 3051 2674 3130 amicisque
2725 3050 2956 3111 detrahi

1027 3145 1404 3224 jubentibus,
1430 3167 1543 3206 non
1586 3147 1870 3227 paruisse,
1897 3146 2060 3227 quod
2087 3168 2316 3208 sacrum
2341 3146 2510 3207 illum
2535 3166 2664 3207 esse
2688 3146 2950 3209 duceret.

745 3251 879 3303 Serv.
902 3252 966 3301 ad
1042 3240 1209 3309 Quin
1244 3253 1307 3303 et
1348 3243 1407 3301 in
1440 3242 1814 3323 ephemeride
1853 3263 1960 3303 sua
2001 3242 2352 3325 praedicasse
2389 3244 2692 3305 emnem
2719 3244 2952 3325 accepi-⁵

712 3317 903 3433 2¹:3⁶4}
922 3352 938 3369 ·
1038 3356 1173 3399 mus
1202 3337 1555 3400 felicitatem
1588 3361 1778 3413 suam,
1806 3338 1968 3421 quod
1992 3349 2232 3421 captum
2257 3340 2318 3399 in
2343 3340 2548 3421 pra-,lio
2573 3340 2798 3402 Gallus
2819 3360 2950 3402 cum

1039 3434 1103 3495 in
1142 3455 1297 3516 equo
1343 3444 1625 3516 portaret,
1671 3437 1983 3507 dimiserit,
2028 3445 2269 3517 propter
2314 3440 2675 3500 occurrentis
2715 3438 2952 3499 alterius

1040 3530 1213 3592 Galli
1266 3524 1495 3605 vocem,
1547 3534 1884 3595 insultantis
1941 3532 2191 3606 Caesari,
2237 3554 2430 3614 eaque
2477 3536 2664 3595 verba
2711 3536 2950 3621 (Latine

1038 3628 1217 3691 credo
1225 3632 1277 3709 ι)
1318 3630 1687 3711 proferentis,
1723 3650 1858 3711 quae
1898 3630 2214 3697 Gallorum
2253 3631 2458 3711 lingua
2489 3631 2714 3693 dimitti
2749 3633 2948 3695 Casa-⁶

1040 3746 1165 3787 rem
1195 3726 1501 3805 juberent.

714 3844 835 3897 Dio.
859 3846 995 3901 Plut.
1118 3830 1181 3885 6.
1224 3823 1335 3884 Ad
1362 3822 1637 3884 Alesiam
1664 3822 1878 3884 deinde
1915 3822 2126 3884 iterum
2149 3820 2404 3904 equestri
2433 3826 2640 3907 praelio
2663 3836 2946 3888 certatum

711 3910 823 3962 1¹¹*-
851 3912 986 3977 Epit.
1039 3928 1163 3989 est:
1210 3920 1313 3980 ubi
1348 3940 1459 4001 par
1494 3920 1929 3981 Germanorum
1953 3922 2142 3982 virtus
2167 3920 2398 3983 Caesari
2419 3924 2734 3984 victoriam
2758 3924 2944 3984 denuo

712 3974 1019 4095 ξῖᾇτὶᾙζζῗᾶ
1038 4014 1227 4079 dedit.
1312 4018 1475 4099 Ergo
1512 4018 2032 4099 Vercingentorix‚
2063 4027 2376 4101 postquam
2411 4022 2744 4102 equitatum
2783 4038 2946 4083 suum

1106 4239 1131 4268 ⁸
1150 4232 1329 4293 Latine
1344 4234 1507 4297 eredo]
1528 4235 1661 4285 Hoec
1687 4233 1959 4299 itan-enthe-
2027 4234 2366 4285 insultantem
2425 4236 2733 4288 inclamasse
2785 4239 2944 4288 Caem·

1042 4297 1113 4348 sis
1168 4300 1525 4363 conjecturam
1596 4299 1960 4351 Freinshemiii
2031 4302 2234 4361 eamr,-
2277 4300 2420 4365 quod
2459 4300 2731 4354 Gallorum
2775 4304 2944 4369 lingua

1042 4363 1295 4415 continet.
1375 4365 1585 4415 Servius
1628 4364 1703 4416 alt
1747 4364 1960 4420 Gallum
2027 4364 2220 4415 disticte
2238 4366 2538 4431 significat-⁹
2573 4368 2717 4419 Crev-
