3300 5234
674 522 884 604 5426,
937 601 942 610 ⁴
1031 543 1042 556 ’
1633 537 1705 587 r.
1754 537 1951 589 mvn

1001 680 1212 743 Gallia
1237 681 1354 742 sibi
1377 679 1526 742 data
1551 681 1857 762 provincia
1888 681 2103 753 fuerat,
2130 680 2342 751 edixit,
2370 689 2389 716 ‘
2414 699 2487 740 ne
2512 683 2765 761 &ajecto
2788 680 2905 742 flu-

999 781 1102 840 vio
1127 779 1332 840 Cuar
1355 777 1613 838 alienam
1641 779 2007 858 provinciam
2032 779 2160 839 sine
2184 777 2525 840 consulibus
2550 779 2859 839 invaderet
2880 801 2903 848 ;

999 895 1150 936 neve
1187 882 1634 956 persequeretur
1673 873 2043 936 Antonium:
2086 875 2224 935 huic
2260 874 2417 934 enim
2456 875 2620 955 operi
2652 895 2716 934 se
2740 873 2907 936 suffi-

1001 971 1176 1032 cere.’
1258 968 1406 1030 Non
1447 968 1701 1031 fallebat
1740 969 2061 1042 Caesarem,
2098 970 2253 1031 hanc
2288 969 2567 1032 ferociam
2604 970 2797 1031 Bruto
2820 991 2904 1031 ex

1003 1067 1226 1129 fiducia
1266 1075 1500 1148 patrum
1531 1065 1839 1128 accedere.
1924 1065 2119 1146 Igitur
2142 1067 2519 1147 quantumvis
2548 1087 2683 1126 enm
2718 1068 2780 1126 in
2806 1087 2905 1128 or-

1001 1164 1198 1225 dinem
1223 1163 1488 1242 redigere
1513 1163 1693 1224 facile
1731 1163 2041 1245 potuisset,
2076 1163 2411 1223 moderatus
2434 1172 2527 1223 est
2559 1164 2685 1234 irae,
2718 1184 2907 1244 seque

1005 1260 1339 1322 Bononiam
1373 1261 1452 1322 ad
1493 1261 1571 1322 C.
1603 1260 1873 1322 Pansam
1914 1261 2189 1332 eontulit,
2222 1261 2397 1320 rebus
2428 1260 2698 1321 omnibus
2730 1281 2905 1322 sense·

1001 1358 1088 1416 tui
1133 1357 1494 1438 perscriptis,
1537 1356 1869 1438 effectuque
1912 1366 1981 1418 ut
2016 1355 2093 1416 de
2144 1356 2351 1416 iisdem
2394 1356 2629 1418 nomine
2680 1357 2905 1420 Panae

999 1453 1368 1514 scriberetur.

1084 1557 1185 1610 20.
1230 1549 1376 1612 Hoc
1423 1549 1539 1611 fuit
1561 1551 1733 1612 -iuud
1772 1552 1833 1611 in
1868 1550 2175 1631 republica
2216 1559 2470 1632 tempus,
2500 1570 2629 1660 ‘quo
2672 1551 2905 1612 nullum

1003 1649 1232 1729 reperio
1252 1648 1434 1710 fuisse
1454 1668 1715 1728 unquam
1739 1646 2055 1709 difficilius.
2139 1647 2341 1708 Plena
2358 1647 2753 1727 suspicionum
2778 1669 2905 1710 om-

679 1751 754 1800 Ve
755 1751 846 1800 ιι.
848 1753 983 1802 nmo
1005 1745 1128 1816 nia,
1175 1744 1356 1826 plena
1391 1745 1639 1817 timoris,
1674 1745 2085 1816 simulationis,
2120 1744 2404 1826 perfidiae.
2488 1745 2576 1804 Et
2612 1744 2905 1806 Dolabel-

1004 1841 1082 1902 1ae
1130 1842 1374 1921 quidem
1443 1851 1620 1922 atque
1666 1842 1921 1903 Antonii
1950 1844 2085 1920 jam
2137 1850 2411 1923 eruperat
2452 1821 2650 1902 furor:
2714 1863 2905 1922 neque

1003 1940 1318 2000 obscurum
1356 1949 1506 2010 erat,
1553 1939 1713 2021 quid
1749 1939 1997 2010 Brutus,
2044 1937 2191 2020 quid
2232 1939 2499 2011 Cassius,
2540 1939 2901 2001 molirentur.

680 2037 902 2151 133⁰?
1005 2035 1238 2118 Lepidi,
1278 2036 1522 2109 Planci,
1568 2037 1771 2098 Asinii
1812 2036 2077 2098 contatio
2116 2055 2395 2117 quorsum
2438 2035 2727 2109 tenderet,
2764 2057 2903 2098 mox

801 2134 816 2150 ‘
882 2135 897 2152 ⁶
1005 2133 1301 2215 apparuit.

712 2228 822 2281 Cic·
851 2231 940 2282 Phi
943 2233 980 2282 1·
1084 2237 1185 2290 21.
1229 2229 1352 2292 Sed
1393 2239 1653 2302 senatus,
1696 2251 1875 2312 quem
1911 2239 2147 2292 ‘castra
2184 2229 2500 2339 Pompeii’
2532 2249 2647 2290 non
2695 2239 2905 2311 praeter

679 2299 915 2427 1¹¹1:ssssss
1002 2347 1126 2387 rem
1165 2327 1514 2408 appellabat
1538 2327 1863 2399 Antonius,
1906 2327 1969 2388 id
1996 2329 2213 2406 agebat
2236 2327 2431 2398 unice,
2464 2336 2531 2387 ut
2553 2347 2660 2408 per
2681 2327 2903 2388 dimen-

1001 2427 1226 2488 sio'nem
1253 2423 1294 2484 J
1299 2425 1627 2486 ulranorum
1655 2425 1869 2486 ducum
1898 2435 2097 2506 partes
2132 2424 2252 2484 iuae
2278 2425 2515 2505 penitus
2538 2424 2903 2487 tollerentur.

1005 2521 1278 2602 Eamque
1303 2531 1429 2582 tum
1453 2521 1949 2582 machinationem
1970 2521 2309 2582 Octaviano
2326 2519 2411 2580 C.
2430 2520 2639 2582 Pansa
2654 2521 2903 2593 detexit,

1004 2628 1170 2680 tanto
1212 2619 1540 2700 simplicius
1584 2627 1765 2698 atque
1817 2618 2099 2700 apertius,
2142 2626 2391 2698 quanto,
2442 2627 2637 2678 certus
2686 2619 2763 2680 de
2814 2619 2903 2680 in·

1001 2715 1296 2776 stantibus
1329 2715 1633 2796 supremis,
1664 2715 1855 2775 minus
1890 2715 2237 2776 movebatur
2274 2722 2433 2775 metu
2474 2717 2807 2794 gratiaque,
2844 2724 2907 2776 et

1001 2813 1212 2872 ceteris
1255 2812 1568 2873 affectibus
1607 2813 1734 2892 qui,
1780 2821 2017 2893 propter
2056 2813 2199 2873 vitae
2232 2812 2571 2882 commoda,
2604 2813 2907 2875 solicitant

1005 2929 1234 2969 animos

1084 3012 1184 3066 22.
1225 2951 1428 3084 :Igitur
1467 3025 1606 3066 cum
1645 3005 1849 3066 vocari
1886 3005 2187 3066 Caesarem
2212 3005 2507 3086 jussisset,
2552 3016 2570 3042 ‘
2596 3006 2775 3086 Ego?
2814 3008 2903 3066 in-

1004 3101 1156 3182 quit,
1184 3111 1201 3138 ‘
1223 3109 1452 3183 patrem
1491 3111 1659 3162 tuum
1695 3108 1865 3161 tanta
1894 3101 2143 3162 caritate
2168 3101 2379 3172 dilexi,
2424 3111 2490 3163 ut
2512 3122 2608 3163 me
2634 3104 2760 3182 ipse
2786 3122 2901 3164 non

1004 3201 1294 3280 potuerim
1319 3200 1527 3278 magis.
1611 3197 1737 3258 Sed
1756 3218 1948 3278 neque
1976 3207 2221 3260 mortem
2240 3202 2375 3280 ejus
2386 3199 2689 3262 vindicare
2714 3199 2904 3272 licuit,

1002 3315 1196 3376 neque
1223 3296 1533 3356 consensui
1557 3304 1888 3355 ceterorum
1912 3295 2177 3356 resistere
2196 3317 2216 3366 ς
2250 3297 2351 3358 cui
2370 3307 2437 3358 et
2450 3306 2541 3368 tu,
2562 3315 2905 3376 quanquam

1001 3393 1270 3452 exercitu
1303 3401 1534 3473 parato,
1577 3391 1900 3473 prudenter
1936 3411 2078 3453 sane
2116 3395 2362 3455 cessisti.
2447 3393 2541 3454 At
2566 3394 2659 3454 illi
2682 3413 2821 3454 cum
2844 3402 2907 3453 et

1001 3495 1064 3548 te
1101 3497 1432 3549 metuerent
1479 3497 1542 3548 et
1589 3488 1949 3561 Antonium,
1994 3490 2100 3570 qui
2142 3499 2205 3550 et
2244 3491 2369 3572 ipse
2410 3492 2615 3570 ingens
2651 3488 2907 3551 Caesaris

999 3583 1260 3644 studium
1303 3583 1678 3666 praeferebat,
1728 3586 1962 3667 penitus
2002 3587 2191 3666 gavisi
2232 3595 2372 3648 sunt
2410 3586 2562 3647 inter
2606 3607 2713 3648 vos
2752 3585 2905 3648 male

1003 3682 1315 3743 convenire
1339 3701 1356 3742 ε
1403 3681 1667 3743 futurum
1694 3693 2017 3762 sperantes,
2050 3695 2117 3744 ut
2138 3685 2359 3745 mutuis
2382 3683 2621 3746 offensis
2652 3685 2907 3746 invicem

1005 3778 1420 3841 attereremini.
1507 3779 1841 3859 Postquam
1875 3790 2073 3842 autem
2106 3782 2309 3863 copias
2358 3781 2519 3842 haud
2552 3782 2907 3862 spernendas

1005 3895 1183 3955 penes
1207 3884 1266 3936 te
1291 3895 1418 3936 esse
1447 3875 1743 3947 viderunt,
1764 3875 1955 3957 primo
1972 3876 2237 3957 quidem,
2258 3887 2543 3959 tanquam
2564 3877 2905 3940 adolescen-

1001 3972 1216 4043 tulum,
1243 3973 1404 4034 inani
1429 3972 1717 4033 honorum
1734 3973 1933 4054 specie
1958 3974 2199 4036 allicere
2226 3983 2364 4036 sunt
2386 3976 2607 4036 conati.
2667 3974 2903 4038 Deinde

1003 4069 1106 4129 ubi
1128 4078 1192 4128 tu
1219 4089 1356 4130 cum
1383 4067 1552 4142 alibi,
1581 4070 1792 4130 tamin
1818 4071 2166 4141 recusando,
2186 4072 2351 4152 quod
2374 4073 2669 4132 exercitus
2692 4072 2905 4133 offere-

1001 4165 1131 4235 bat,
1172 4165 1439 4246 imperio,
1483 4185 1765 4244 magnum
1807 4167 2066 4228 animum
2107 4177 2171 4228 et
2208 4169 2299 4228 sui
2334 4177 2669 4248 compotem
2710 4179 2903 4230 osten-

999 4260 1176 4330 disti;
1221 4262 1512 4333 exterriti,
1545 4283 1620 4322 eo
1643 4261 1938 4324 flexerunt
1960 4264 2232 4336 consilia,
2260 4265 2349 4324 uti
2372 4265 2677 4325 nobiscum
2716 4265 2901 4326 admi-

1001 4357 1276 4420 nistrares
1319 4356 1566 4430 bellum,
1615 4367 1797 4441 atque
1832 4359 1945 4422 hoc
1994 4369 2289 4441 praetextu
2332 4359 2563 4422 Martia
2598 4371 2663 4422 et
2690 4371 2903 4444 quarta
