3300 5234
759 556 766 563 ’
809 548 986 617 5038
1598 634 1608 649 ·
1771 566 1842 615 τ.
1886 566 2079 618 mvn

1131 711 1270 781 tuit,
1313 718 1378 771 et
1421 710 1677 771 rationes
1716 718 1979 791 acceptae
2017 710 2285 790 pecuniae
2325 709 2645 791 postulare.
2729 706 2798 769 N
2800 728 2873 769 cc
2906 716 3041 772 erat

1131 806 1260 869 ulla
1299 818 1506 869 contra
1543 808 1927 869 clarissimam
1966 809 2081 869 viri
2120 808 2599 886 notioeimamque
2636 806 3035 885 integritatem

769 970 775 980 ,
807 906 938 959 Plut.
961 906 1076 957 Dio.
1129 906 1423 987 suspicio:
1465 904 1570 967 sed
1595 906 1740 987 quia
1760 905 2190 977 commentarii,
2230 926 2381 987 quos
2418 902 2867 983 diligentissime
2890 923 3037 963 con·-

1119 1002 1377 1075 -fecerat,
1421 1002 1729 1085 naufragio
1780 1012 1947 1063 erant
1991 1002 2211 1075 amissi,
2256 1001 2567 1063 calumuiae
2615 1000 2781 1062 color
2820 1000 3041 1081 aliquis

1129 1099 1406 1161 dabatur.
1491 1098 1680 1161 Hanc
1734 1098 1812 1161 ad
1852 1098 2249 1160 instruendam
2296 1100 2732 1159 accusationem
2770 1096 3039 1159 conferre

1131 1218 1344 1277 operas
1383 1197 1588 1257 Caesar
1623 1197 1957 1267 dicebatur,
1999 1196 2281 1279 epistolas
2316 1194 2393 1255 ad
2430 1194 2713 1256 Clodium
2756 1215 2831 1256 ea
2863 1194 2948 1275 de
2974 1214 3040 1253 re

1131 1293 1494 1355 missitando.
1579 1294 1749 1355 Inter
1792 1293 1915 1355 alia
1958 1294 2419 1354 criminabantur
2462 1290 2763 1352 dimissam
2808 1290 2976 1350 velut
3000 1310 3043 1350 a

1131 1400 1438 1453 recusante
1463 1401 1802 1472 praeturam,
1818 1411 1967 1452 ,cum
1998 1392 2123 1472 ipse
2148 1390 2355 1451 fuisset
2378 1389 2680 1450 relationis
2696 1387 3043 1449 consulibus

1133 1498 1339 1549 auctor
1361 1511 1377 1558 ;
1421 1488 1638 1550 deinde
1665 1509 1788 1549 rem
1814 1488 2069 1550 obtineri
2095 1508 2211 1548 non
2251 1506 2421 1569 posse
2446 1487 2727 1558 sentiens,
2762 1494 2973 1567 sponte
3002 1505 3040 1545 a

1131 1606 1195 1645 se
1221 1586 1496 1645 omissam
1522 1586 1877 1647 simulasset.

839 1669 945 1745 Iri'·
965 1670 1098 1735 39³²·
1217 1688 1316 1745 71.
1358 1683 1721 1764 Priusquam
1741 1684 1801 1743 in
1833 1682 2103 1763 Cyprum
2131 1681 2289 1742 Cato
2314 1682 2641 1761 navigaret,
2662 1700 2770 1741 rex
2790 1678 3043 1760 AEgypti

804 1769 939 1852 Plui.
961 1798 1074 1850 cat.
1135 1778 1524 1851 PtolemaeuS,
1551 1799 1788 1841 suorum
1816 1780 2063 1859 injurias
2084 1778 2337 1858 fugiens,
2364 1776 2626 1839 Romam
2661 1777 3040 1858 properabat.

1133 1874 1292 1936 Cum
1316 1876 1600 1938 Rhodum
1625 1878 1902 1948 venisset,
1928 1878 2031 1938 ubi
2058 1886 2184 1936 tum
2209 1875 2407 1936 adhuc
2428 1874 2589 1936 Cato
2611 1876 2850 1953 agebat,
2876 1874 3043 1933 misit

1133 1973 1211 2033 ad
1236 1973 1430 2045 illum,
1457 1984 1520 2033 et
1543 1976 1634 2033 uti
1662 1973 1740 2033 ad
1770 1994 1833 2033 se
1868 1972 2181 2034 accederet
2220 1973 2423 2053 petiit:
2470 1972 2631 2033 Cato
2662 1970 2925 2031 vicissim
2962 1970 3041 2031 ad

1011 2060 1016 2063 ¹
1129 2090 1194 2129 se
1221 2071 1420 2139 venire
1430 2071 1611 2149 jussit
1633 2070 1685 2130 si
1710 2069 1917 2143 vellet,
1944 2070 2003 2129 in
2036 2068 2379 2130 valetudine
2404 2068 2667 2129 curanda
2690 2076 3041 2147 occupatus.

1132 2164 1212 2225 Id
1238 2186 1376 2227 cum
1400 2166 1624 2227 factum
1648 2176 1801 2227 esset
1826 2167 1904 2226 ab
1929 2188 2090 2248 rege,
2120 2188 2230 2227 nec
2256 2167 2481 2248 prodiit
2504 2166 2766 2235 obviam,
2796 2184 2907 2225 nec
2944 2184 3041 2224 as·

1129 2265 1386 2324 surrexit
1402 2263 1681 2335 venienti,
1694 2264 1799 2323 sed
1815 2264 2167 2329 translatitie
2188 2263 2507 2323 salutatum
2524 2259 2826 2325 considere
2831 2262 3039 2340 jussit.

1133 2358 1316 2420 Unde
1341 2380 1540 2439 regem
1555 2380 1814 2439 magnus
1848 2360 2069 2420 invasit
2102 2368 2329 2440 stupor,
2366 2360 2429 2421 in
2454 2366 2624 2419 tanta
2648 2356 2881 2419 vilitate
2908 2356 3041 2417 cul-

1130 2466 1227 2517 tus
1251 2465 1480 2517 tantum
1509 2456 1888 2537 supercilium
1914 2456 2323 2517 admirantem.⁴
2408 2454 2533 2516 Sed
2569 2456 2673 2516 ubi
2712 2455 2817 2515 ille
2840 2474 3043 2535 repre·-

1135 2554 1392 2614 hendere
1441 2553 1754 2615 consilium
1793 2556 1975 2634 coepit
2014 2562 2181 2615 certa
2218 2554 2635 2614 commutantis
2672 2572 2811 2613 cum
2846 2552 3041 2611 incer-

1130 2651 1390 2723 tissimis,
1437 2660 1519 2724 et,
1554 2652 1772 2712 omissa
1797 2652 2011 2732 patria,
2040 2650 2453 2713 Romanorum
2480 2651 2816 2731 principum
2840 2648 3037 2711 avari-

1129 2750 1230 2809 tiae
1253 2771 1317 2810 se
1354 2750 1762 2831 permittentis,
1808 2770 1957 2829 quos
1995 2751 2099 2810 vix
2135 2760 2266 2811 tota
2304 2750 2363 2809 in
2414 2759 2721 2829 argentum
2754 2769 3042 2811 conversa

1128 2846 1345 2905 satiare
1395 2845 1695 2926 AEgyptus
1736 2854 1932 2926 posset
1940 2866 1957 2915 ;
2017 2848 2313 2927 jussitque
2358 2848 2600 2919 reverti,
2640 2855 2705 2906 et
2742 2846 2935 2907 redire
2982 2850 3041 2908 in

1130 2942 1378 3019 gratiam
1416 2961 1550 3002 cum
1590 2943 1848 3012 civibus,
1888 2943 2165 3003 comitem
2208 2943 2286 3003 ad
2325 2944 2441 3004 hoc
2478 2952 2545 3004 et
2596 2943 2930 3023 adjutorem
2976 2966 3040 3006 se

1131 3036 1414 3107 offerens;
1460 3038 1745 3125 libertate,
1765 3046 1945 3118 atque
1972 3038 2289 3120 prudentia
2325 3040 2577 3100 hominis
2616 3048 2948 3121 perspecta,
2976 3050 3043 3102 ut

1130 3133 1438 3195 consilium
1465 3136 1596 3216 ejus
1619 3143 1961 3214 sequeretur
1994 3146 2189 3195 motus
2222 3144 2349 3197 est:
2391 3136 2606 3197 deinde
2632 3138 2843 3200 iterum
2868 3158 3039 3199 revo-

1130 3239 1300 3292 catus
1325 3252 1362 3291 a
1385 3229 1776 3291 familiaribus
1796 3229 2060 3291 Romam
2078 3231 2403 3293 contendit.
2489 3230 2634 3305 Sed,
2660 3233 2765 3293 ubi
2785 3234 3041 3315 primum

1133 3328 1212 3389 ad
1239 3328 1408 3388 unius
1433 3349 1468 3388 e
1496 3328 1931 3407 magistratibus
1968 3328 2207 3389 domum
2251 3331 2523 3401 accessit,
2550 3330 2855 3392 intellecto
2880 3330 3039 3391 fastu

1115 3423 1454 3497 ,Romano„
1479 3424 1819 3486 recordatus
1854 3434 1943 3485 est
1983 3424 2254 3497 Catonis,
2282 3425 2657 3507 deflevitque
2696 3427 3039 3509 impruden-

1133 3521 1282 3582 tiam
1305 3541 1496 3593 suam,
1523 3542 1629 3603 per
1654 3542 1830 3602 quam
1856 3522 2012 3583 vinci
2047 3542 2110 3581 se
2137 3542 2341 3603 passus
2364 3531 2518 3583 esset
2550 3522 2631 3584 ad
2655 3533 3038 3584 contemnen-

1135 3618 1278 3679 dum
1303 3639 1424 3679 non
1452 3627 1574 3679 tam
1614 3617 1867 3679 hominis
1907 3618 2187 3699 sapientis
2213 3620 2549 3693 consilium,
2574 3640 2755 3702 quam
2784 3620 2905 3680 Dei
2932 3641 3037 3681 cu-

1125 3715 1370 3794 jusdam
1399 3715 1865 3797 praedictionem.

803 3816 1114 3884 Pht-Pomp.
1216 3818 1316 3875 72.
1359 3800 1695 3893 Impulsum
1736 3832 1775 3871 a
1813 3810 2175 3893 Theophane
2218 3811 2575 3893 Mitylenaeo
2615 3814 3039 3887 Ptolemaeum,

1135 3897 1222 3969 uti
1247 3910 1328 3970 ob
1351 3929 1561 3970 causas
1599 3929 1715 3969 uon
1764 3910 2057 3969 maximas
2098 3909 2427 3991 AEgyptum
2463 3911 2781 3985 desereret,
2825 3900 3035 3974 Tima-

1134 4028 1312 4087 genes
1337 4007 1588 4088 scripsit,
1617 4026 1802 4067 novas
1838 4016 2137 4087 quaerente
2172 4009 2547 4089 imperiorum
2572 4018 2635 4069 et
2659 4031 2837 4092 opum
2860 4032 3035 4073 occa-

806 4115 926 4165 Dio.
1133 4106 1324 4165 siones
1372 4104 1669 4185 Pompeio
1714 4123 1855 4163 suo:
1927 4105 2215 4185 auxitque
2266 4106 2655 4187 suspicionem
2708 4108 3039 4189 Pompeius

841 4212 948 4262 Cic.
968 4208 1040 4262 ια’
1134 4202 1388 4283 hospitio
1415 4222 1611 4280 regem
1631 4201 1955 4283 excipiens.
2014 4201 2237 4283 Neque
2264 4204 2441 4265 amici
2464 4205 2595 4283 ejus
2620 4226 2693 4265 ac
2717 4204 3039 4267 familiares

805 4274 941 4394 ἓξ
957 4293 995 4327 ¹·
1017 4282 1062 4328 ¹·
1134 4297 1497 4358 voluntatem
1535 4298 1787 4357 bominis
1819 4300 2128 4358 obscuram
2164 4318 2290 4359 esse
2330 4302 2485 4381 passi
2511 4310 2668 4361 sunt.
2750 4300 3035 4363 Ceterum

1133 4413 1327 4454 causae
1368 4405 1606 4475 propter
1643 4414 1794 4475 quas
1842 4395 2175 4457 discesserit
2218 4417 2296 4459 ex
2340 4398 2605 4480 AEgypto
2647 4398 3034 4498 Ptolemaeum
