3300 5234
763 1451 776 1482 ι
811 1467 826 1482 .

707 1499 980 1550 Planum.

741 1564 850 1614 Cic.
877 1564 1008 1614 Phil.

709 1643 789 1679 xr.
810 1634 857 1679 1.

707 1694 926 1760 Appian.

1674 593 1748 643 T.
1789 591 1993 642 lell

1118 743 1220 802 72.
1263 736 1366 800 Sic
1397 745 1763 800 commutata
1792 736 2003 799 leviter
2027 736 2375 817 quastione,
2414 754 2551 796 cum
2578 755 2695 796 non
2712 738 2849 816 Jam
2874 733 2955 796 de

1040 833 1300 908 Caesare,
1338 835 1446 896 sed
1469 835 1546 896 de
1573 855 1683 896 sua
1720 835 2015 916 dignitate
2042 829 2585 912 intelligerent‘agi,
2614 832 2797 894 velox
2822 833 2956 892 ani·

1039 949 1268 992 morum
1303 933 1607 993 conversio
1649 931 1837 1003 facta,
1880 931 2457 1011 conclamatumque,
2501 939 2519 966 ‘
2550 950 2663 990 non
2692 945 2827 989 'esce
2850 949 2961 990 cur

1037 1029 1210 1087 novis
1259 1028 1512 1092 comitiis
1555 1028 1777 1109 populo
1820 1037 2051 1088 creetur
2098 1026 2406 1087 molestia:
2462 1037 2737 1108 proestare
2768 1025 2957 1086 semel

1039 1131 1294 1203 accepta
1319 1125 1600 1186 retineri!
1669 1125 1813 1186 Prae
1832 1123 2044 1185 ceteris
2068 1122 2417 1195 tendebant,
2444 1124 2547 1204 qni
2568 1131 2775 1184 contra
2794 1122 2961 1201 leges

1038 1239 1077 1277 a
1103 1216 1344 1282 Caesare
1381 1221 1679 1302 producti,
1705 1223 1883 1302 hujus
1928 1220 2331 1282 condemnata
2354 1222 2661 1290 memoria,
2694 1219 2866 1280 nulla
2890 1241 2955 1280 se

1037 1315 1324 1377 videbant
1347 1320 1574 1380 ratione
1601 1319 1750 1379 tueri
1778 1318 1940 1378 illius
1978 1316 2277 1378 beneficia
2314 1337 2503 1398 posse.
2586 1317 2761 1383 Quos
2802 1317 2959 1377 inter

1035 1413 1244 1473 consul
1271 1413 1620 1486 Dolabella,
1641 1415 1905 1496 quinque
1931 1423 1996 1474 et
2018 1414 2226 1491 viginti
2254 1433 2537 1474 annorum
2554 1413 2821 1493 juvenis,
2846 1413 2957 1492 qni

1037 1526 1229 1588 neque
1257 1518 1570 1590 praeturam
1593 1513 1891 1590 gessisset,
1918 1519 1982 1571 et
2006 1511 2065 1570 in
2090 1529 2319 1570 summo
2334 1519 2491 1570 esset
2508 1508 2763 1570 Antonii
2786 1509 2953 1582 odio,

1035 1605 1148 1664 sibi
1176 1606 1336 1667 baud
1365 1608 1578 1670 leviter
1605 1609 1933 1670 metuebat.

1117 1708 1218 1765 73.
1261 1703 1502 1766 Idcirco
1549 1727 1727 1767 voces
1770 1706 2007 1767 audires
2044 1702 2564 1774 stomachantium,
2600 1711 2618 1741 ‘
2649 1723 2769 1762 non
2806 1723 2953 1764 con-

1033 1805 1252 1872 tentos,
1295 1802 1344 1860 si
1395 1823 1512 1862 non
1558 1803 1817 1883 pessimi,
1864 1802 2071 1864 saltem
2125 1800 2429 1862 insolentis
2474 1798 2619 1860 facti
2666 1799 2953 1870 fautores,

1033 1915 1314 1956 concessa
1357 1899 1562 1960 amicis
1607 1901 1822 1968 venia;
1880 1899 1985 1960 sed
2030 1897 2211 1958 etiam
2248 1895 2549 1978 postulare
2590 1905 2659 1956 ut
2704 1896 2809 1957 alii
2842 1916 2956 1956 aua

1033 1990 1325 2070 dignitate
1359 2005 1626 2067 careant,
1661 2017 1782 2076 quo
1819 1995 2045 2056 factum
2080 1994 2319 2055 illorum
2358 1992 2643 2054 illustrius
2676 1991 2953 2054 videatur

1035 2098 1214 2169 atque
1249 2093 1554 2153 ornatius?
1637 2093 1763 2154 Sed
1788 2095 1949 2154 bono
1973 2093 2085 2152 hos
2112 2093 2311 2152 animo
2326 2091 2628 2171 jubebant
2648 2111 2777 2152 esse
2804 2090 2949 2151 alii:

1033 2195 1051 2220 ‘
1078 2207 1268 2267 neque
1303 2191 1462 2250 enim
1488 2192 1601 2251 hoc
1628 2193 1750 2270 agi,
1778 2199 1847 2251 ut
1870 2189 2187 2262 beneficia,
2214 2189 2321 2249 sed
2346 2196 2415 2250 nt
2438 2203 2645 2250 auctor
2668 2196 2949 2249 mutetur.

1035 2283 1268 2345 Eadem
1292 2288 1596 2350 habituros
1613 2288 1877 2360 eosdem,
1899 2287 2007 2347 sed
2022 2288 2155 2365 jam
2183 2285 2389 2368 populi
2406 2284 2724 2364 suffragiis;
2764 2285 2949 2365 idque

1030 2383 1174 2462 ipsis
1195 2385 1378 2448 etiam
1405 2385 1707 2446 honestius
1728 2385 1895 2446 fore?
1962 2383 2112 2444 Hoc
2137 2403 2405 2444 sermone
2428 2383 2675 2463 permoti
2700 2383 2951 2464 quidam

1029 2480 1314 2540 continuo
1355 2492 1675 2562 posuerunt
1712 2483 2090 2561 magistratus
2128 2480 2401 2559 insignia,
2436 2487 2723 2560 tanquam
2764 2480 2951 2561 paulo

1032 2585 1166 2654 post
1199 2580 1424 2657 majore
1465 2598 1604 2638 cum
1642 2577 1936 2657 dignitate
1972 2577 2301 2657 recepturi:
2346 2577 2535 2656 major
2569 2583 2769 2636 tamen
2810 2595 2953 2657 pars

1030 2673 1292 2745 retinuit,
1321 2683 1452 2734 rata
1485 2674 1667 2734 semel
1706 2675 1983 2734 omissam
2014 2681 2391 2754 potestatem,
2418 2672 2580 2752 quod
2607 2673 2666 2731 in
2692 2671 2949 2732 aliorum

1028 2778 1182 2828 esset
1219 2768 1422 2832 futura
1457 2771 1749 2843 manibus,
1776 2791 1895 2832 non
1932 2791 2060 2830 esse
2096 2768 2273 2831 simul
2312 2779 2495 2850 atquc
2524 2778 2809 2850 cuperent
2830 2771 2949 2850 ipsi

1029 2864 1370 2927 redituram.

1107 2968 1209 3025 74.
1253 2961 1424 3024 Inter
1448 2964 1576 3024 baec
1601 2966 1839 3024 evocati
1863 2985 1897 3024 e
1924 2973 2131 3026 senatu
2152 2961 2457 3024 Antonius
2480 2972 2659 3043 atque
2683 2960 2948 3042 Lepidus

1027 3059 1408 3120 ostenderunt
1431 3081 1494 3120 se
1519 3060 1910 3134 multitudini,
1936 3082 2071 3142 quae
2098 3061 2157 3122 in
2184 3061 2319 3122 foro
2338 3059 2781 3120 innumerabilis
2794 3061 2943 3120 'con-

1025 3157 1277 3216 stiterat.
1364 3155 1489 3216 His
1523 3158 1585 3216 in
1625 3159 1921 3239 superiore
1958 3157 2093 3218 loco
2126 3156 2481 3238 conspectis,
2508 3157 2715 3236 ingens
2738 3155 2943 3216 subla-

1027 3261 1124 3311 tus
1157 3262 1247 3312 est
1279 3251 1539 3336 clamor:
1585 3274 1706 3332 quo
1743 3255 1847 3315 vix
1873 3253 2102 3326 sedato,
2130 3239 2397 3335 quidam,
2421 3251 2671 3313 dubium
2698 3273 2775 3314 an
2802 3255 2943 3314 sub-

1026 3357 1287 3420 ornatus,
1323 3349 1711 3422 exclamavit,
1749 3359 1767 3389 ⁶
1796 3351 2087 3412 haberent
2127 3353 2414 3411 rationem
2454 3351 2571 3422 sui,
2608 3370 2685 3410 ne
2720 3350 2947 3410 similia

1025 3455 1206 3525 atque
1255 3445 1460 3508 Caesar
1502 3450 1884 3528 paterentur!
1984 3448 2095 3508 Ad
2138 3448 2267 3509 haec
2312 3447 2671 3518 Antonius?
2712 3447 2945 3508 dimota

1023 3542 1234 3604 leviter
1276 3553 1462 3615 veste,
1511 3544 1757 3606 loricam
1800 3544 2063 3606 ostendit
2102 3544 2211 3606 sub
2252 3565 2350 3616 ea,
2394 3564 2515 3626 quo
2558 3545 2749 3623 magia
2792 3545 2940 3606 inci-

1025 3649 1184 3703 taret
1206 3641 1453 3713 animos,
1481 3662 1557 3701 ne
1593 3644 1941 3704 consulibus
1964 3644 2207 3724 quidem
2234 3643 2575 3714 inermibus,
2600 3651 2794 3703 tutum
2814 3664 2939 3706 esse

1025 3737 1344 3817 quicquam
1380 3739 1769 3800 credentium.
2722 3745 2735 3756 '

1104 3838 1205 3895 75.
1247 3833 1348 3894 Ibi
1371 3833 1640 3896 sublatus
1666 3843 1758 3896 est
1782 3837 1993 3898 iterum
2014 3856 2053 3896 a
2070 3836 2319 3898 diversis
2337 3836 2671 3917 agminibus
2688 3836 2937 3909 clamor,

1023 3929 1312 3992 ultionem
1337 3941 1444 3991 aut
1472 3953 1686 4013 pacem
1710 3935 1872 3993 varie
1909 3933 2355 4014 postulantium.
2440 3933 2745 3995 Antonius
2768 3935 2941 3994 utris-

1023 4046 1140 4106 que
1173 4048 1237 4088 se
1271 4027 1610 4101 venditans,
1640 4039 1659 4066 ‘
1692 4031 1968 4103 Pacem,’
2004 4032 2219 4112 inquit,
2249 4041 2267 4068 ‘
2292 4040 2361 4093 ut
2392 4028 2668 4092 habeatis
2699 4033 2934 4093 curabi-

1023 4132 1139 4194 tur,
1184 4133 1364 4204 utque
1400 4125 1480 4185 sit
1511 4145 1588 4186 ea
1621 4128 1862 4207 propria
1902 4126 2071 4187 nobis
2094 4137 2158 4188 et
2182 4137 2485 4208 perpetua.
2568 4128 2935 4207 Quanquam

1023 4219 1086 4278 id
1122 4240 1263 4281 sane
1297 4221 1538 4282 difficile
1569 4231 1663 4283 est
1688 4222 1847 4305 apud
1872 4223 1982 4284 hos
2006 4223 2254 4297 animos,
2280 4225 2387 4306 qui
2422 4245 2496 4284 ne
2512 4225 2670 4303 juris
2693 4224 2931 4304 quidem

1085 4453 1122 4500 0
1137 4449 1230 4500 Ille
1247 4465 1342 4514 pro
1359 4451 1602 4503 Antonias
1621 4453 1897 4516 legebatur
1918 4461 2043 4505 ante
2066 4455 2225 4506 Crev.
2274 4455 2355 4504 Ex
2382 4455 2522 4522 App.
2546 4455 2753 4507 emend.
2777 4455 2931 4508 (ΣΙ-εν.

1025 4514 1154 4564 Mox
1173 4515 1294 4566 elion
1317 4532 1413 4583 pro
1435 4518 1618 4570 “ivnon
1639 4520 1836 4585 legitur
1858 4519 1912 4571 in
1933 4521 2057 4572 edd.
2076 4527 2202 4572 ante
2218 4519 2379 4572 (ἔην.
