3300 5234
770 540 952 609 5216

777 712 988 777 Appian.

773 776 956 827 Lucan.

773 842 904 893 Caes.

775 1103 905 1153 Caes.

1746 556 1815 607 Τ.
1865 556 2054 605 lell

1065 710 1257 779 ‚runt,
1295 709 1358 761 et
1397 694 1711 782 imperator
1752 701 2007 782 pecunia
2038 698 2325 759 donatum
2351 699 2431 759 ab
2452 700 2680 759 octavis
2703 698 3003 759 ordinibus

1099 798 1178 859 ad
1197 798 1366 878 primi
1372 797 1558 877 pilum
1577 796 1865 857 deduxit:
1884 795 2230 874 cohortique
2248 794 2604 877 stipendium
2620 795 2869 876 duplex,
2884 795 3001 855 fru-

1055 904 1062 913 ‘
1099 904 1384 963 mentum,
1411 902 1656 964 vestem,
1682 894 1930 963 cibaria,
1956 891 2231 971 donaque
2256 892 2536 952 militaria
2559 891 2799 971 largiter
2818 892 3003 953 dedit.

1179 980 1288 1050 401
1327 989 1490 1049 Dum
1521 989 1652 1049 haec
1686 988 1765 1049 ad
1809 987 2247 1069 Dyrrhachium
2281 996 2580 1066 geruntur,
2612 989 2671 1048 i'n
2712 987 3002 1049 Macedo-

1099 1089 1200 1147 nia
1221 1095 1284 1147 et
1309 1086 1554 1146 Graecia
1593 1086 1775 1166 legati
1800 1086 2059 1146 Caesaris
2080 1086 2307 1147 variam
2330 1085 2626 1146 fortunam
2650 1085 3002 1147 habuerunt.

1101 1184 1230 1245 Sub
1253 1183 1412 1245 idem
1438 1184 1596 1243 enim
1623 1192 1853 1264 tempus
1876 1202 1997 1263 quo
2022 1182 2081 1241 in
2108 1184 2441 1263 provincias
2464 1182 2557 1242 illi
2594 1192 3001 1264 pervenerant,

1100 1281 1308 1363 Scipio
1347 1279 1655 1351 Metellus,
1696 1280 1896 1359 generi
1944 1280 2130 1339 literis
2178 1281 2433 1350 excitus,
2482 1300 2619 1340 cum
2672 1279 3003 1359 legionibus

1099 1377 1308 1438 affuit:
1349 1376 1576 1437 nudata
1601 1379 1663 1436 in
1690 1385 1850 1436 metu
1876 1375 2149 1435 Parthici
2176 1376 2321 1435 belli
2348 1375 2546 1456 Syria,
2582 1385 2645 1435 et
2684 1377 3007 1457 provinciis

1097 1494 1204 1554 per
1229 1493 1378 1553 quas
1403 1474 1514 1533 iter
1538 1474 1829 1533 habuerat
1855 1492 1961 1553 per
1985 1474 2153 1532 varia
2176 1474 2553 1533 exactionum
2592 1473 2831 1533 nomina
2868 1494 3001 1535 cru-

1094 1572 1308 1632 deliter
1333 1573 1657 1631 exhaustis.
1742 1571 1909 1638 Quin
1938 1580 1999 1630 et
2024 1590 2102 1630 ex
2146 1570 2447 1650 Ephesino
2472 1569 2695 1651 templo
2721 1574 3003 1651 pecunias

1093 1668 1442 1737 sustulerat;
1489 1668 1623 1738 nisi,
1649 1668 1795 1727 dum
1820 1666 1883 1727 id
1910 1668 2057 1745 agit,
2084 1666 2338 1776 episJola
2365 1666 2669 1747 Pompeii,
2696 1667 3003 1747 posthabi-

1093 1764 1169 1823 tis
1193 1750 1486 1835 omnibus,
1513 1766 1624 1824 iter
1647 1773 1943 1823 maturare
1957 1764 2247 1843 jussisset.

1173 1868 1276 1921 41.
1323 1860 1538 1940 Igitur,
1565 1880 1794 1919 summa
1816 1860 2120 1920 celeritate
2148 1878 2308 1927 usus,
2346 1878 2447 1939 per
2486 1858 2957 1921 Macedoniam
2938 1880 2997 1919 m

1095 1958 1409 2020 Thessalos
1445 1960 1725 2029 cucurrit,
1752 1960 1855 2019 ubi
1892 1978 2031 2019 cum
2066 1978 2173 2017 sua
2204 1956 2435 2036 legione
2471 1956 2743 2017 Cassium
2782 1958 2995 2039 Longi·

1097 2076 1237 2116 num
1271 2076 1448 2135 agere
1477 2066 1855 2135 cognoverat.
1939 2053 2169 2115 Eodem
2204 2064 2265 2113 et
2306 2053 2556 2114 Sadales
2594 2054 2825 2133 regulus
2860 2076 2997 2117 cum

1092 2152 1349 2213 Thracio
1373 2154 1640 2233 equitatu
1669 2154 1851 2213 venit.
1920 2151 2163 2211 Idcirco
2188 2150 2451 2220 Cassius,
2478 2150 2845 2211 detrimentis
2870 2155 2999 2232 qui·

1089 2249 1341 2309 busdam
1365 2249 1648 2329 acceptis,
1678 2248 1755 2308 ad
1780 2257 2060 2307 montana
2084 2244 2403 2306 deflectens
2418 2246 2805 2307 Ambraciam
2834 2258 2996 2329 pete-

1089 2347 1214 2407 bat.
1301 2345 1492 2407 Hunc
1522 2346 1729 2427 Scipio
1754 2346 2133 2426 sequebatur,
2159 2364 2339 2424 quem
2364 2345 2413 2403 si
2442 2354 2597 2403 esset
2624 2356 2995 2419 consecutus,

1087 2441 1332 2503 dubium
1377 2462 1494 2502 non
1535 2432 1682 2509 erat,
1712 2444 1852 2522 quin
1900 2441 2173 2501 Cassiani
2215 2447 2417 2500 omnes
2460 2460 2523 2499 se
2562 2439 2853 2502 dederent
2892 2454 2995 2505 ant
3038 2442 3043 2445 ’

1085 2540 1532 2601 trucidarentur.
1619 2538 1743 2599 Sed
1784 2534 2059 2599 a‘vocavit
2087 2536 2427 2618 Scipionem
2467 2537 2560 2597 M.
2601 2536 2853 2598 Favonii
2890 2560 2993 2621 pe-

1087 2638 1365 2707 riculum,
1421 2636 1522 2716 qui
1573 2635 1812 2695 relictus
1876 2634 1957 2695 ad
2027 2632 2491 2694 Haliacmonem
2556 2650 2790 2693 amnem
2856 2656 2992 2697 cum

953 2768 964 2779 ·
1087 2733 1430 2794 cohortibus
1466 2740 1625 2801 octo,
1654 2741 1717 2791 et
1752 2732 1936 2791 totius
1972 2730 2269 2789 exercitus
2310 2728 2768 2808 impedimentis,
2808 2750 2849 2790 a
2874 2733 2989 2792 Cn.

759 3606 886 3657 Caes.

1087 2829 1360 2890 Domitio
1405 2829 1738 2909 petebatur.
1825 2827 1921 2887 Ea
1964 2848 2056 2885 res
2097 2834 2163 2885 et
2204 2824 2417 2885 Cassio
2460 2824 2713 2885 salutem
2766 2829 2991 2897 attulit,

1019 2976 1024 2979 .
1081 2936 1144 2986 et
1186 2926 1488 2986 Favonio:
1531 2945 1669 2985 cum
1712 2925 1809 2984 die
1855 2943 1928 2984 ac
1970 2933 2144 2983 nocte
2194 2923 2541 2982 continuato
2592 2922 2825 2994 itinere,
2878 2926 2993 2984 sub

1081 3021 1239 3083 idem
1265 3023 1448 3083 ferme
1473 3031 1728 3103 tempus,
1756 3042 1875 3102 quo
1905 3020 2207 3082 Domitius
2232 3018 2603 3091 imminebat,
2646 3017 2855 3101 Scipio
2888 3042 2991 3083 oc-

1081 3120 1372 3179 currisset.

1163 3222 1266 3275 42.
1311 3214 1608 3286 Domitio,
1637 3234 1709 3273 ne
1740 3212 2163 3273 Macedoniam
2204 3230 2462 3282 omnem,
2490 3211 2693 3271 multis
2730 3212 2807 3273 ad
2850 3234 2989 3275 eum

1081 3312 1522 3384 accedentibus,
1561 3320 1902 3392 occuparet,
1948 3310 2205 3371 Faustus
2246 3307 2426 3389 Sylla
2464 3310 2775 3371 restiterat.
2862 3312 2991 3392 Igi-

1078 3418 1181 3468 tur
1225 3410 1497 3469 assumtis
1535 3408 1779 3479 AEtolis,
1822 3418 1885 3469 et
1924 3406 2335 3476 Acarnanum,
2378 3413 2443 3466 et
2483 3406 2801 3467 Locrorum
2840 3430 2993 3490 quos

1081 3503 1522 3585 Amphilochos
1555 3514 1797 3575 vocant,
1838 3502 2099 3573 auxiliis,
2142 3522 2279 3582 quae
2320 3513 2526 3581 gentes
2564 3522 2786 3569 recens,
2808 3524 2992 3586 opera

1085 3600 1282 3661 Cassii
1333 3601 1608 3683 Longini,
1663 3610 1769 3661 aut
1820 3599 2067 3660 Calvisii
2120 3598 2331 3659 Sabini
2382 3608 2637 3679 receptae
2682 3610 2879 3675 erant,
2928 3604 2987 3665 in

1081 3698 1496 3759 Thessalorum
1547 3697 1695 3759 fines
1744 3704 2121 3778 processerat.
2215 3696 2551 3777 Postquam
2610 3695 2846 3769 eodem,
2904 3701 2989 3761 uti

1080 3796 1360 3867 diximus,
1409 3794 1616 3877 Scipio
1654 3796 1852 3865 venit3
1915 3793 2279 3855 Domitianis
2322 3812 2581 3875 pugnam
2622 3798 2988 3876 optantibus,

1081 3892 1194 3953 hoc
1236 3892 1586 3973 refugiente,
1627 3901 1827 3953 castra
1864 3892 2071 3953 castris
2109 3891 2335 3951 collata
2375 3899 2537 3961 sunt,
2578 3898 2643 3951 et
2682 3912 2872 3973 parva
2908 3914 2987 3955 ex

1079 3990 1309 4051 insidiis
1346 3989 1558 4072 praelia
1593 3990 1780 4061 facta,
1824 3989 2041 4071 quibus
2083 3990 2413 4069 superiores
2454 3987 2685 4050 Juliani
2728 3990 2983 4055 fuerunt.

1079 4086 1249 4147 Inter
1286 4088 1416 4147 haec
1459 4087 1666 4147 Caesar
1705 4087 1877 4167 plura
1916 4106 2151 4167 quoque
2194 4085 2478 4146 tentanda
2516 4094 2701 4158 ratus,
2744 4087 2983 4149 Fufium

1081 4183 1384 4243 Kalenum
1425 4186 1606 4253 misit,
1643 4186 1749 4263 qui
1792 4182 2001 4244 Cassio
2041 4192 2103 4242 et
2144 4182 2373 4242 Sabino
2412 4182 2712 4271 adjunctis
2750 4183 2985 4264 longius

948 4340 954 4348 ,
1078 4278 1538 4360 progrederetur.
1633 4280 1818 4360 Isque
1863 4278 2159 4339 Phocidis
2206 4287 2269 4338 et
2322 4278 2573 4353 Boeotiae
2623 4280 2980 4359 quibusdam

1047 4376 1321 4437 urbibus
1363 4375 1667 4439 voluntate
1708 4376 2101 4439 incolentium
2154 4376 2428 4457 receptis,
2472 4374 2827 4457 quibusdam
2874 4398 2979 4442 ex-
