3300 5234
1739 596 1810 645 Τ.
1857 594 2050 643 mvn

1090 760 1167 801 ea
1190 746 1369 821 atque
1393 738 1627 801 domari
1653 746 1912 820 queant:
1955 758 2094 799 cum
2121 737 2182 797 in
2209 756 2316 797 vos
2341 732 2616 816 respicio,
2649 731 2834 805 cives,
2861 750 3004 797 cum

1088 837 1463 899 alacritatem
1502 835 1803 917 fidemque
1843 843 2100 897 vestram
2139 834 2439 915 expendo,
2481 850 2620 912 quae
2661 850 2856 909 neque
2895 849 3008 911 pe-

1088 935 1280 995 cuniis
1317 954 1512 1014 neque
1554 933 1898 1013 corporibus
1940 952 2052 991 vos
2095 949 2338 1011 parcere
2373 928 2536 1000 sivit,
2575 926 2720 987 dum
2761 925 3006 1006 reipub-

1038 1084 1045 1090 .
1088 1030 1225 1092 licre
1250 1030 1670 1099 consuleretis;
1714 1050 1818 1090 eos
1839 1050 1968 1089 esse
2005 1029 2306 1099 existimo,
2337 1026 2442 1108 qui
2481 1024 2707 1087 censeri
2743 1022 3009 1083 debeant

622 3696 628 3701 -
750 3662 858 3713 Cic.
869 3662 955 3713 Or.
968 3666 1053 3713 68.

1088 1127 1340 1190 cuilibet
1364 1126 1614 1187 fortunae
1641 1146 1832 1207 pares.

1169 1232 1273 1285 42.
1317 1234 1335 1261 ‘
1363 1223 1489 1285 Sed
1516 1244 1708 1305 neque
1735 1224 2058 1304 praecipere
2078 1221 2252 1284 vobis
2277 1220 2602 1300 quicquam
2621 1226 2714 1279 est
2737 1218 3002 1287 animus:

1088 1340 1285 1403 neque
1310 1320 1830 1382 reformidantibus
1853 1318 2126 1401 pericula
2163 1318 2575 1379 necessitatem
2601 1314 3006 1397 suscipiendo-

1087 1438 1216 1480 rum
1257 1406 1580 1500 imponere.
1669 1417 1875 1478 Unum
1907 1417 2134 1477 moneri
2173 1436 2266 1476 res
2300 1423 2364 1475 et
2401 1412 2823 1474 benevolentia
2867 1432 3008 1473 mea

1086 1517 1362 1597 imperat,
1402 1524 1472 1576 ut
1505 1513 1716 1575 eodem
1757 1514 2030 1585 consilio,
2077 1512 2512 1593 qualecumque
2558 1508 2804 1572 tandem
2843 1508 3006 1571 illud

1085 1614 1401 1695 probatum
1442 1612 1641 1685 fuerit,
1691 1611 1957 1673 utamini.
2044 1611 2336 1671 Distracti
2375 1608 2688 1669 sententiis
2727 1616 2794 1667 et
2832 1606 3006 1686 fuga,

1082 1711 1335 1790 singulis
1378 1711 1563 1772 etiam
1608 1712 1928 1791 opportuni
1977 1710 2055 1770 ad
2098 1709 2432 1791 quamlibet
2469 1707 2752 1788 injuriam
2795 1707 3004 1768 eritisz

1075 1810 1321 1887 junctos
1360 1818 1425 1869 et
1466 1808 1774 1869 unanimes
1813 1828 2008 1888 neque
2046 1817 2284 1889 spernet
2325 1806 2524 1866 hostes
2550 1803 2780 1875 Caesar,
2807 1822 3004 1884 neque

1080 1904 1381 1986 supplices
1408 1905 1796 1965 aversabitur.
1883 1905 1983 1965 Ite
2020 1906 2221 1984 igitur,
2259 1913 2344 1975 et,
2389 1912 2524 1963 utra
2563 1901 2840 1963 videatur
2873 1923 3004 1964 esse

1081 2004 1236 2063 ratio
1282 2003 1500 2083 potior,
1545 2001 1849 2063 liberrima
1889 2002 2322 2063 consultatione
2353 2000 2686 2080 disquirite.
2773 1999 3004 2079 Neque

1081 2118 1243 2159 meos
1285 2119 1489 2159 sensus
1529 2108 1868 2160 revereatur
1897 2099 2234 2180 quisquam.
2320 2098 2648 2157 Fortunam
2683 2104 3006 2176 sequentes

1080 2196 1415 2257 necessitati
1452 2197 1568 2257 hoc
1592 2196 1740 2257 dare
1778 2196 2144 2257 arbitrabor:
2187 2194 2571 2257 obfirmantes
2605 2180 2894 2271 animum,
2931 2200 3006 2253 ut

1078 2292 1324 2374 dignum
1366 2294 1476 2356 tali
1514 2280 1798 2377 exemplo
1821 2296 1954 2368 erit,
1995 2304 2062 2355 et
2099 2294 2460 2366 admirabor,
2501 2305 2566 2354 et
2606 2292 2894 2364 laudabo,
2933 2300 3006 2353 et

1078 2390 1181 2470 huj
1190 2390 1487 2452 uscemodi
1512 2412 1605 2452 me
1632 2392 1778 2453 viris
1801 2392 2019 2453 ducem
2048 2400 2230 2473 atque
2272 2391 2740 2452 commilitonem
2782 2388 3002 2469 adjun-

1078 2508 1217 2567 gam
1252 2489 1315 2548 in
1356 2509 1562 2549 omnes
1594 2509 1792 2549 casus.

1159 2592 1263 2645 43.
1306 2594 1326 2622 ‘
1364 2585 1591 2667 Neque
1620 2607 1763 2647 vero
1787 2586 2105 2647 conatibus
2130 2584 2510 2665 consiliisque
2533 2582 2866 2664 Thapsum,
2893 2592 3005 2643 aut

1078 2680 1507 2755 Adrumetum,
1539 2693 1645 2743 aut
1668 2683 1826 2744 banc
1855 2682 2102 2742 Uticam
2127 2684 2439 2743 statuimus
2475 2681 2774 2743 terminos.
2859 2680 3000 2741 Ro-

1076 2798 1179 2838 ma
1200 2779 1525 2858 cogitanda
1550 2780 1723 2840 nobis
1745 2788 1858 2851 est,
1894 2780 2225 2840 communis
2260 2779 2524 2840 omnium
2567 2778 2785 2859 patria,
2811 2784 3003 2859 caput

1078 2894 1293 2946 rerum,
1326 2884 1389 2936 et
1412 2876 1644 2957 imperii
1673 2875 1864 2937 sedes.
1946 2873 2170 2955 Neque
2195 2895 2337 2936 vero
2361 2873 2665 2936 credibile
2703 2882 2817 2947 est,
2852 2874 3002 2939 huic

1076 2972 1339 3032 omnium
1384 2970 1506 3033 late
1549 2971 1903 3054 populorum
1941 2972 2300 3033 concessisse
2341 2970 2652 3053 imperium
2694 2968 2887 3044 Deos,
2927 2982 3001 3035 ut

1075 3066 1269 3148 ipsam
1295 3066 1493 3129 alieno
1516 3069 1884 3149 subjicerent
1913 3068 2180 3129 arbitrio.
2277 3066 2570 3128 Nobilius
2601 3067 2760 3128 Urbi
2801 3066 2996 3131 fenim

1074 3172 1205 3225 est:
1228 3164 1485 3246 ideoque
1506 3165 1712 3225 multis
1735 3186 1892 3246 saepe
1919 3164 2198 3231 fluctibus
2223 3166 2454 3244 agitata
2475 3184 2706 3225 rursum
2729 3166 2996 3239 emersit,

1074 3268 1477 3342 tyrannosque
1520 3283 1658 3323 suos
1701 3270 1808 3323 aut
1839 3262 2060 3323 virtute
2095 3281 2205 3321 sua
2243 3262 2529 3333 excussit,
2555 3271 2662 3322 aut
2699 3260 2996 3322 felicitate

1074 3358 1287 3419 evasit.
1373 3357 1575 3419 Cinna
1620 3357 1864 3438 quidem
1906 3378 1947 3420 a
1985 3357 2230 3417 suismet
2244 3356 2270 3395 ⁸
2313 3358 2604 3417 militibus
2646 3356 2996 3419 interfectus

1074 3463 1185 3516 est.
1271 3455 1507 3515 Marius
1532 3464 1714 3535 atque
1744 3454 1922 3535 Sylla
1947 3456 2250 3517 acerbiore
2289 3454 2417 3515 fato
2456 3454 2780 3537 perierunt,
2807 3474 2993 3536 quum

1072 3553 1179 3632 qui
1207 3572 1247 3613 a
1278 3550 1694 3613 crudelissimis
1730 3552 1998 3613 hostibus
2039 3572 2178 3615 cum
2223 3552 2525 3633 exquisito
2569 3554 2842 3614 cruciatu
2885 3574 2990 3631 ne-

1072 3659 1307 3717 cantur.
1384 3646 1611 3728 Neque
1634 3646 1852 3709 srustra
1877 3648 2246 3709 celebratum
2269 3657 2364 3711 est
2406 3649 2499 3709 M.
2527 3646 2710 3709 Drusi
2733 3648 2990 3723 dictum,

1072 3748 1180 3828 qui
1223 3756 1393 3828 pater
1431 3746 1656 3807 tribuni
1698 3745 1848 3808 fuitt
1889 3766 2122 3807 sacram
2165 3766 2290 3807 esse
2337 3745 2786 3826 rempublicam,
2811 3748 2990 3828 eique

1074 3864 1277 3924 poenas
1302 3862 1427 3903 esse
1469 3842 1802 3924 pei-solutas
1845 3843 1924 3903 ab
1964 3844 2240 3905 omuibus
2263 3844 2370 3925 qui
2395 3842 2622 3906 violare
2659 3843 2830 3905 illam
2861 3864 2988 3905 sus-

1073 3949 1539 4113 nnxffinltjgim
1562 4032 1836 4094 bonitate
1859 4054 2060 4097 causae
2088 4032 2476 4115 Deorumque
2512 4036 2758 4115 justitia
2795 4000 2984 4111 fretis,

1074 4133 1153 4195 ad
1177 4134 1307 4193 baec
1344 4131 1642 4192 Romanae
1681 4131 2026 4212 reipublicae
2068 4131 2326 4205 fortuna,
2368 4132 2518 4192 nihil
2559 4143 2852 4215 praeterea
2889 4154 2984 4194 re-

1071 4229 1425 4312 quirendum
1467 4228 1766 4292 videatur.
1852 4227 1974 4289 Sed
2013 4239 2214 4292 tamen
2259 4239 2324 4293 et
2364 4230 2490 4293 alia
2531 4241 2868 4314 supersunt,
2903 4232 2982 4294 ob

1620 4444 1656 4491 8
1688 4438 1732 4491 Δ
1754 4438 1856 4491 min
1871 4439 1954 4492 ille
1971 4438 2096 4493 edd.
2117 4448 2244 4493 ante
2269 4441 2425 4493 Crev.
