3300 5234
852 556 1061 610 mem
1105 554 1271 607 cxx.
1314 540 1962 607 surrentinum-uu.
2297 544 2304 553 '
2341 538 2516 605 5147

286 720 423 763 nem
456 699 787 771 accusavit,
818 706 893 761 ιιι
918 698 1263 787 damnatum
1306 699 1377 761 iri
1412 697 1593 779 plane
1634 696 1978 761 confideret.
2063 697 2188 761 Sed

284 806 601 879 postquam
652 796 909 878 plurium
958 796 1261 857 sententiis
1310 795 1541 858 absolvi
1584 804 1774 867 reum,
1815 805 1998 877 atque
2039 795 2190 858 adeo

282 894 529 955 defendi
552 895 864 975 ornarique
888 893 1061 965 vid-it,
1088 894 1179 953 ira
1199 902 1525 975 correptus,
1560 902 1768 954 senatu
1793 914 1858 953 se
1883 894 2190 976 proripuit.

362 1000 469 1055 22.
511 991 715 1054 ΡΙιιιιε
750 994 803 1051 is
844 1001 975 1052 erat
1014 993 1341 1053 animorum
1382 992 1640 1064 habitans,
1681 1001 1752 1053 ut
1789 993 2094 1073 proniores
2129 994 2190 1055 in

286 1088 573 1171 Pompeii
594 1110 835 1151 causam
858 1099 1057 1172 patres
1078 1098 1311 1159 essent3
1350 1088 1459 1151 sed
1492 1098 1692 1150 tamen
1731 1108 1888 1170 saepe
1931 1089 2190 1151 Coesari-

284 1208 533 1247 anornm
574 1186 859 1249 violentia
898 1187 1159 1268 superati
1204 1185 1299 1247 his
1336 1184 1579 1247 utiliora
1618 1185 2021 1247 decernerent.
2050 1188 2058 1193 ’
2106 1187 2192 1247 Ει
2245 1206 2512 1259 Sumen,

280 1283 559 1345 consules
582 1284 823 1365 quidem
846 1283 1143 1364 designati
1170 1282 1676 1364 Pompeianarum
1718 1284 1974 1365 partium
1999 1293 2192 1345 erant.
2215 1286 2261 1321 ⁰·
2281 1276 2366 1324 ²⁰·

284 1380 487 1462 Igitur
506 1382 715 1443 Coesar
737 1382 939 1442 literas
956 1381 1037 1441 ed
1059 1390 1328 1443 senatum
1354 1381 1533 1454 misit,
1574 1390 1593 1419 ⁶
1608 1401 1688 1441 ne
1705 1372 1818 1441 sibi
1835 1380 2194 1443 beneficium

280 1480 497 1561 populi
522 1478 912 1550 adimeretur3
957 1487 1063 1539 aut
1086 1477 1301 1539 saltem
1340 1477 1553 1560 reliqui
1592 1478 1776 1539 etiam
1815 1478 2200 1559 imperatores

282 1576 365 1637 ab
386 1576 753 1638 exercitibus
776 1574 1185 1635 discederent?

364 1678 471 1733 28.
518 1670 711 1733 Erant
745 1671 877 1731 haec
912 1670 1266 1732 astutissime
1302 1670 1645 1751 excogitata
1669 1690 1686 1733 z
1725 1669 2010 1753 quicquid
2035 1671 2194 1730 enim

280 1777 441 1830 emet
477 1767 726 1839 factum,
774 1788 883 1849 pro
926 1766 1169 1828 Ooesare
1215 1766 1477 1829 firturum
1518 1778 1673 1830 erat.
1757 1766 1928 1829 Nam
1971 1769 2023 1829 si
2069 1778 2194 1827 tam

282 1885 466 1945 aequa
488 1864 753 1925 conditio
774 1864 1205 1945 repudiaretur,
1233 1864 1497 1927 favorem
1520 1863 1822 1925 hominum
1861 1873 1992 1925 erat
2025 1864 2195 1925 habi-

282 1972 474 2034 turus,
504 1970 789 2041 tanquam
826 1962 907 2021 ab
932 1961 1185 2021 inimicis
1218 1970 1431 2023 contra
1468 1961 1563 2022 fas
1599 1972 1664 2022 et
1695 1962 2034 2042 aequitatem
2060 1982 2194 2043 pre-

282 2068 580 2119 meretur:
622 2056 829 2117 relicta
868 2065 1183 2139 potestate,
1226 2060 1416 2138 mag-is
1452 2058 1952 2120 confirmabatur.
1991 2060 2084 2118 sin
2129 2066 2196 2119 et
2257 2120 2272 2135 .

282 2155 623 2236 Pompeius
644 2153 971 2215 dimitteret
992 2155 1341 2229 exercitum,
1368 2154 1619 2217 celerius
1641 2175 1706 2217 se
1732 2164 2194 2216 convocaturum

280 2261 599 2315 veteranos
620 2270 777 2323 suos,
802 2270 983 2331 quam
1008 2251 1370 2333 Pompeium
1396 2272 1581 2313 novos
1613 2251 1855 2323 milites,
1894 2235 2195 2333 sperabat.

284 2348 433 2411 Has
458 2348 663 2409 literas
682 2368 821 2409 eum
846 2369 955 2430 pro
978 2349 1263 2410 concione
1290 2350 1593 2411 recitasset
1612 2349 1820 2421 Curio,
1837 2368 2018 2429 seque
2033 2348 2196 2417 dice·
2215 2381 2312 2433 12¹„
2313 2389 2352 2433 t.
2369 2380 2497 2434 σε..

280 2454 378 2507 ret
398 2446 577 2507 enixe
602 2446 1029 2518 laboraturum,
1064 2454 1133 2507 nt
1154 2446 1577 2529 rempublicam
1606 2447 1766 2507 omni
1791 2454 1952 2505 metu
1979 2444 2196 2506 libera-

280 2552 409 2614 retz
454 2544 721 2605 maximo
744 2543 945 2605 favore
970 2542 1297 2626 plausuque
1323 2543 1529 2627 populi
1554 2552 1842 2625 exceptus
1859 2552 1974 2615 est,
1994 2541 2196 2605 flores·-
2218 2572 2437 2640 Appi-u.

280 2660 405 2722 que
428 2650 497 2700 ει
516 2652 675 2700 serta
698 2642 759 2700 in
784 2660 921 2701 eum
937 2642 1129 2720 jacta.

364 2744 475 2799 24.
516 2736 635 2809 At,
658 2738 765 2797 nbi
789 2744 893 2799 est
924 2736 1019 2797 his
1040 2736 1118 2797 de
1144 2737 1357 2798 rebus
1340 2755 1405 2797 ιιι
1430 2744 1639 2797 senatu
1665 2736 1942 2809 relatum,
1968 2735 2194 2797 cneori
2217 2760 2522 2825 Plnerp.

280 2835 557 2917 plerique
580 2852 781 2895 omnes
814 2834 1225 2913 abrogarunt'
1208 2834 1541 2916 imperium,
1568 2834 1980 2916 relinquebant
2004 2833 2194 2896 Pom·-
2217 2828 2310 2942 ¹2¹¹·
2270 2835 2346 2876 ¹¹*-

284 2932 461 3014 peio:
504 2950 645 2993 nam
686 2930 907 2991 astutia
945 2928 1205 2991 consulis
1244 2930 1485 2990 seorsim
1526 2930 1603 2991 de
1648 2940 1900 3011 utroque
1941 2930 2196 2991 relatum
2272 2892 2434 2958 '’¹5⁸‘'

280 3037 437 3089 erat.
508 3027 703 3107 Igitur
726 3026 913 3087 Curio
932 3025 1131 3087 denuo
1153 3027 1519 3104 conjunctim
1542 3026 1756 3087 referre
1780 3028 1984 3109 coepit,
2027 3026 2196 3108 ‘pla-

273 3134 529 3187 ceretne
551 3122 857 3186 discedere
880 3132 1196 3203 utrumque
1221 3124 1309 3183 ab>
1324 3125 1525 3196 umis,
1548 3126 1966 3205 exercitusque
1991 3124 2196 3185 dimit-

282 3223 477 3285 tere'l'
557 3220 659 3283 Ibi
691 3220 923 3281 duobus
946 3228 1177 3281 tantum
1202 3228 1265 3281 et
1288 3220 1499 3299 viginti
1523 3222 1924 3294 renuentibus,
1948 3220 2197 3285 trecenti

284 3320 670 3401 septuaginta
717 3320 781 3379 in
828 3319 1185 3379 sententiam
1235 3316 1513 3379 Curionis
1554 3317 1964 3379 discesserunt.
2046 3316 2198 3379 Hoc

286 3418 395 3477 nbi
432 3416 661 3477 factum
698 3424 811 3489 est,
836 3414 914 3476 G.
958 3412 1289 3492 Marcellus
1323 3423 1591 3475 senatum
1628 3414 1952 3487 dimittens,
1995 3422 2015 3451 ‘
2035 3412 2200 3475 vin-c

284 3515 455 3586 eite,’
496 3512 819 3586 exclamat,
860 3522 880 3550 ‘
902 3521 969 3573 ut
994 3511 1311 3581 ,dominum
1349 3510 1621 3573 habeatis
1659 3511 2004 3573 Caesarem?
2087 3510 2196 3571 In-

284 3614 645 3673 tercessione
668 3620 867 3671 tamen
888 3610 1213 3671 amicorum
1238 3608 1543 3691 Pompeii,
1568 3608 1890 3689 adjuvante
1926 3607 2192 3683 consule,
2217 3624 2346 3676 Hire.

286 3728 385 3770 res
408 3708 631 3770 effectu
652 3708 863 3767 caruit.
2219 3696 2222 3701 ’

368 3814 477 3868 25.
522 3805 647 3867 Sed
671 3814 735 3866 ει
757 3803 911 3866 falso
941 3824 1173 3865 rumore
1197 3800 1487 3866 venientis
1520 3822 1660 3865 cum
1695 3802 1960 3863 exercitu
1989 3801 2192 3863 em
2218 3822 2432 3890 Appiam.

286 3906 373 3971 tis
412 3902 585 3965 Urbs
630 3902 915 3965 exterrita
955 3896 1331 3983 trepidabat:
1385 3920 1509 3982 quo
1556 3918 1697 3960 usus
1739 3897 1818 3959 O.
1867 3897 2196 3960 Marcellus
2321 3964 2334 3978 .

286 4008 503 4062 senatu
540 4008 753 4061 coacto
796 3997 999 4060 retulit
1033 3997 1111 4058 de
1150 3998 1481 4079 legionibus
1520 4010 1676 4079 ques
1717 4002 1974 4057 retentas
2015 3994 2195 4055 fuisse

290 4100 529 4180 Capuae
566 4096 848 4170 diximus,
882 4096 976 4165 uti
1014 4103 1221 4158 contra
1260 4094 1561 4155 Caesarem
1598 4094 1986 4155 mitterentur.
2069 4090 2194 4153 Sed

282 4196 623 4257 obsistebat
652 4194 729 4257 G.
758 4194 967 4266 Curio,
1005 4192 1336 4273 frustraque
1372 4192 1503 4253 haec
1535 4190 1661 4253 dici
1695 4188 1972 4271 credique
2009 4197 2194 4251 testa-

288 4296 489 4355 batur.
558 4292 721 4373 Ergo
744 4292 973 4365 consul,
1017 4290 1600 4373 ‘Quandoquidemss
1638 4291 1855 4369 inquit,
1899 4290 2012 4350 ‘de
2030 4306 2194 4348 com-

290 4394 457 4455 mni
493 4402 730 4453 senatus
766 4393 1055 4453 sententia
1080 4391 1421 4473 reipublicae
1446 4388 1748 4450 consulere
1773 4388 2102 4469 prohibeor,
2133 4398 2197 4449 at
