3300 5234
775 486 955 556 5152

1741 508 1808 559 Τ.
1854 508 2049 560 nvn
2083 528 2123 561 ,ι

1103 646 1299 711 date:
1339 648 1477 711 duae
1500 650 1861 741 consulares,
1888 652 2134 734 reliqum
2160 627 2469 733 [ιι-κωπίω..
2554 650 2825 735 Scipioni
2838 654 2866 685 ²
2888 650 3009 736 Sy·-

1106 746 1196 806 ria
1227 747 1506 810 obvenit:
1548 748 1622 810 L.
1652 748 1921 812 Domitio
1960 748 2176 810 Gallia
2212 749 2475 811 ulterior.
2558 748 2729 811 Nam
2770 752 3010 811 citerior

977 828 1048 862 '¹'
1107 845 1382 923 pretoria
1408 845 1697 907 Considio
1724 846 2011 908 Noniano
2040 846 2356 925 obtigerat.
2440 844 2517 906 In
2559 846 2817 927 reliquas
2858 866 3011 928 [ιι-ωε

1107 940 1244 1000 torii
1281 942 1611 1014 mittuntur,
1648 962 1787 1003 cum
1823 962 2015 1023 neque
2061 940 2140 1003 ad
2180 941 2467 1024 populum
2502 960 2582 1002 ex
2618 956 2781 1003 more
2819 943 3011 1004 latum

1105 1034 1184 1095 de
1211 1035 1458 1119 imperio
1481 1036 1719 1098 illorum
1742 1048 1919 1112 esset,
1946 1058 2137 1121 neque
2162 1036 2435 1120 paludati
2471 1038 2624 1099 votis
2656 1040 3015 1121 nuncupatis

1105 1134 1363 1195 exirent.

1187 1238 1288 1295 37.
1313 1226 1436 1292 Sed
1451 1230 1786 1312 Pompeius
1810 1230 1889 1293 ad
1908 1231 2107 1291 omnia
2120 1232 2265 1293 satis
2284 1252 2345 1293 se
2366 1233 2545 1314 spatii
2558 1232 2895 1292 habiturum
2916 1252 3010 1293 re-

1105 1324 1305 1400 batur,
1323 1326 1516 1389 donec
1541 1330 1869 1390 exercitum
1896 1326 2103 1388 Caesar
2126 1349 2161 1389 e
2187 1330 2502 1410 provinciis
2526 1337 2862 1390 arcesseret.
2926 1326 3015 1389 Et

1105 1422 1210 1483 ille
1237 1424 1478 1506 quidem
1505 1426 1745 1485 miserat
1769 1423 2163 1485 adducturos:
2205 1424 2311 1485 sed
2336 1426 2569 1487 interim
2608 1425 2743 1506 plus
2766 1425 2827 1483 in
2852 1423 3011 1485 cele·

1107 1520 1282 1583 ritate
1306 1541 1488 1603 quam
1513 1522 1739 1582 viribus
1762 1540 1890 1581 esse
1916 1529 2195 1602 reputans
2218 1520 2297 1582 ad
2328 1522 2546 1603 primos
2570 1520 2715 1581 belli
2740 1528 3012 1593 terrores,

1108 1617 1274 1700 apud
1307 1618 1522 1679 milites
1555 1638 1705 1699 quos
1746 1617 2011 1678 habebat
2046 1616 2382 1690 Ravenna,
2422 1619 2839 1677 concionatur:
2882 1637 3013 1677 om·

1107 1716 1387 1798 niumque
1429 1722 1759 1795 temporum
1800 1715 1859 1773 in
1852 1714 2045 1793 jurias
2081 1714 2451 1774 inimicorum
2478 1715 2539 1774 in
2566 1734 2629 1775 se
2653 1732 3014 1773 commemo-

1107 1822 1223 1885 rat,
1252 1812 1482 1894 (placet
1517 1813 1677 1871 enim
1700 1830 1836 1891 quae
1874 1832 1913 1871 a
1942 1832 2007 1871 se
2042 1820 2172 1872 tum
2206 1811 2371 1872 dicta
2392 1811 2578 1871 tradit
2608 1811 2790 1893 ipsius
2814 1809 3015 1871 verbis

1107 1909 1459 1990 exponere,)
1511 1916 1531 1945 ‘
1560 1928 1601 1969 a
1649 1909 1867 1989 quibus
1911 1906 2231 1969 deductum
2255 1917 2345 1969 -et
2392 1908 2783 1990 depravatum
2818 1907 3015 1970 Pom-

1108 2006 1308 2086 peium
1325 2006 1341 2033 '
1393 2006 1665 2085 queritur
1703 2013 1722 2042 ‘
1762 2004 1989 2067 invidia
2034 2012 2099 2066 et
2146 2004 2574 2067 obtrectatione
2625 2003 2819 2065 laudis
2860 2024 3014 2078 ωε,

1103 2104 1280 2183 cujus
1320 2103 1444 2183 ipse
1482 2102 1693 2163 honori
1730 2111 1792 2162 et
1820 2101 2095 2181 dignitati
2133 2121 2365 2183 semper
2404 2101 2619 2163 faverit
2654 2100 3017 2185 adjutorque

1103 2196 1301 2259 fuerit.
1383 2196 1633 2259 Novum
1676 2198 1739 2257 in
1776 2198 2085 2279 republica
2119 2198 2517 2263 introductum
2551 2198 2917 2279 exemplum,
2946 2209 3016 2260 ut

1103 2294 1416 2355 tribunitia
1439 2295 1779 2355 intercessio
1804 2294 1981 2355 armis
2018 2302 2321 2355 notaretur
2356 2304 2537 2376 atque
2566 2296 3013 2376 opprimeretur,

1105 2410 1243 2472 quae
1269 2391 1662 2473 superioribus
1686 2392 1855 2452 annis
1872 2388 1896 2423 ³
1934 2400 2091 2453 esset
2128 2392 2415 2454 restituta.
2496 2390 2757 2474 Syllam,
2783 2392 3017 2455 nudata

1105 2488 1380 2547 omnibus
1417 2489 1593 2549 rebus
1617 2488 1927 2548 tribunitia
1961 2495 2275 2568 potestate,
2296 2495 2503 2548 tamen
2536 2488 3019 2551 intercessionem

1077 2580 1353 2661 'liberam
1377 2584 1703 2665 reliquisse.
1787 2583 2170 2665 Pompeium,
2197 2584 2301 2664 qui
2336 2584 2555 2644 amissa
2576 2583 2895 2647 restituisse
2924 2584 3015 2647 vi-

1101 2677 1316 2741 deatur
1339 2681 1520 2753 bona,
1547 2682 1729 2741 etiam
1756 2698 1891 2759 quae
1918 2686 2058 2739 ante
2082 2679 2373 2751 habuerit,
2400 2678 2707 2741 ademisse.

1184 2782 1286 2839 38.
1330 2785 1350 2813 ‘
1378 2776 1889 2857 Quotiescumque
1924 2776 2003 2837 sit
2033 2773 2359 2847 decretum,
2388 2775 2603 2837 darent
2632 2777 3016 2857 magistratus

1101 2893 1368 2956 operam,
1401 2894 1477 2934 ne
1502 2871 1648 2953 quid
1674 2870 2011 2954 respublica
2033 2871 2372 2933 detrimenti
2394 2882 2659 2956 caperet,
2685 2876 2837 2955 (qua
2858 2896 3013 2941 voce

1101 2978 1166 3030 et
1190 2990 1309 3050 quo
1331 2968 1839 3030 senatusconsulto
1872 2968 2125 3050 populus
2160 2968 2477 3029 Romanus
2502 2968 2581 3030 ad
2608 2990 2774 3032 arma
2798 2973 2877 3034 sit
2900 2994 3010 3035 vo—

1100 3070 1296 3147 catus)
1343 3066 1569 3135 factum
1613 3067 1675 3127 in
1710 3066 2055 3149 perniciosis
2091 3065 2343 3145 legibus,
2383 3066 2445 3127 in
2481 3067 2544 3128 vi
2576 3067 2912 3142 tribunitia,
2944 3071 3009 3133 in

1001 3178 1006 3183 ’
1099 3166 1428 3226 secessione
1469 3163 1695 3247 populi,
1730 3162 1971 3245 templis
2003 3163 2264 3243 locisque
2292 3162 2635 3225 editioribus
2656 3166 2969 3248 occupatis
2986 3186 3007 3229 ε

1099 3268 1286 3342 atque
1328 3262 1460 3323 haec
1493 3262 1806 3344 superioris
1850 3260 2044 3321 aetatis
2080 3259 2361 3341 exempla
2406 3260 2653 3342 expiata
2698 3260 3009 3324 Saturnini
3060 3340 3065 3345 ·

1100 3367 1284 3438 atque
1311 3356 1720 3420 Gracchorum
1744 3356 2005 3418 essibus'
2046 3356 2241 3417 docet.
2326 3364 2346 3393 ‘
2376 3356 2647 3423 Quarum
2679 3377 2873 3418 rerum
2897 3359 3008 3422 illo

1100 3462 1364 3536 tempore
1403 3454 1553 3515 nihil
1597 3454 1845 3526 factum,
1886 3474 1961 3514 ne
2000 3454 2328 3532 cogitatum
2374 3450 2651 3533 quidem:
2694 3454 2865 3515 nulla
2902 3454 3003 3519 lex

1101 3551 1497 3634 promulgata,
1533 3572 1648 3613 non
1674 3573 1813 3614 cum
1848 3550 2069 3634 populo
2104 3551 2203 3629 agi
2244 3557 2526 3630 coeptum,
2561 3550 2728 3611 nulla
2753 3534 3007 3633 secessio

1099 3648 1308 3711 facta?
1396 3648 1718 3724 Hortatur,
1778 3656 1798 3685 ‘
1835 3650 2006 3727 cnjus
2043 3645 2415 3731 imperatoris
2456 3644 2641 3707 ductu
2690 3663 2791 3708 rx.
2836 3652 3007 3711 annis

1099 3744 1526 3826 rempublicam
1558 3743 1897 3807 felicissime
1936 3742 2241 3823 gesserint,
2277 3741 2645 3823 plurimaque
2677 3744 2888 3824 praelia
2910 3768 3005 3807 se-

1097 3840 1298 3903 cunda
1339 3840 1612 3913 fecerint,
1663 3860 1897 3901 omnem
1926 3838 2223 3928 ‘Galliam
2269 3836 2774 3921 Germaniamque
2818 3862 3003 3923 paca-

1099 3938 1315 4010 verint,
1355 3946 1424 3997 ut
1461 3940 1593 4019 ejus
1627 3934 2123 3998 existimationem
2158 3934 2621 4017 dignitatemque
2647 3936 2726 3997 ab
2750 3937 3003 4003 inimicis

1097 4032 1464 4097 defendant!

1357 4192 1391 4237 2
1427 4190 1490 4240 L.
1513 4193 1830 4255 preponnnt
1850 4183 1971 4237 edd.
1992 4191 2114 4236 ante
2129 4185 2284 4236 Crcv.

1359 4255 1391 4304 ⁸
1423 4257 1590 4311 Amin
1610 4262 1731 4322 post
1750 4253 1895 4305 aas&
1924 4252 2190 4304 invenitur
2208 4250 2261 4301 ia
2282 4247 2565 4323 edd-ute
2578 4248 2737 4303 Crev.
