3300 5234
915 574 1117 622 nisui
1171 573 1328 623 cxl.
1374 574 2027 624 suspensum-trun.
2382 560 2560 625 5213

310 717 450 777 tuit.
537 715 898 783 Quindecim
937 715 1128 777 millia
1163 734 1480 797 passuum·
1513 716 1885 797 complexus,
1910 716 2103 777 multa
2142 716 2231 775 in·

311 814 608 873 trinsecus
631 814 886 873 castelle
909 814 1224 882 exstruxit,
1243 832 1434 892 eaque
1461 813 1590 893 ipsa
1603 814 1919 893 conjunxit
1936 812 2231 894 operibus,

313 928 390 968 ne
417 930 542 989 qua
565 918 730 989 parte
757 908 962 969 Caesar
983 918 1399 991 perrumperet.
1484 907 1709 989 Neque
1726 920 1937 973 ,tamen
1964 911 2060 970 hic
2096 908 2233 969 fati-

314 1009 592 1087 gabatur,
619 1028 960 1087 quanquam
995 1017 1282 1067 cresceret
1315 1028 1486 1087 opus,
1517 1018 1580 1067 et
1615 1007 1696 1067 ad
1732 1008 1925 1068 millia
1960 1028 2235 1089 passuum
2266 1016 2473 1080 Appinn.

313 1113 558 1164 centum
579 1104 1010 1185 quinquaginta
1035 1102 1392 1164 tenderetur.

397 1206 502 1265 33,
545 1198 848 1261 Continua
883 1200 1139 1270 iuterim,
1165 1199 1269 1259 sed
1307 1219 1492 1279 parva
1527 1200 1737 1281 praelia
1774 1201 1833 1259 in
1872 1198 2235 1279 occupandis
2262 1212 2377 1263 Dio.
2398 1214 2526 1263 cm.

316 1296 609 1377 praesidiis
631 1297 1166 1357 committebantur.
1239 1294 1410 1357 Inter
1435 1316 1569 1375 quae
1595 1316 1753 1355 nona
1776 1295 1933 1375 legio
1956 1294 2233 1368 caesaris,

316 1412 454 1453 cum
493 1391 824 1474 praesidium
864 1390 1164 1472 quoddam
1200 1399 1557 1472 occupatum
1580 1395 1813 1454 munire
1837 1399 2171 1463 conaretur,
2198 1412 2237 1453 a

316 1492 640 1569 sagittariis
677 1489 1186 1569 funditoribusque
1223 1488 1528 1569 Pompeii,
1565 1499 1628 1549 et
1662 1506 1877 1567 magna
1914 1491 1977 1549 vi
2014 1490 2235 1551 levium

317 1606 637 1657 armorum,
674 1606 1041 1667 quanquam‘
1065 1595 1350 1665 praesente
1395 1584 1661 1656 caesare,
1700 1594 1821 1645 tam
1860 1587 2237 1646 vehementer

319 1694 539 1745 vexata
578 1693 690 1756 est,
715 1694 806 1754 ut,
831 1683 1110 1764 quoniam
1147 1683 1274 1759 sisti
1311 1703 1428 1743 non
1467 1693 1723 1765 poterat,
1750 1684 2003 1763 relinqui
2040 1684 2237 1745 locum

318 1789 638 1862 oporteret.
723 1780 846 1841 Sed
881 1788 1152 1860 receptus
1185 1780 1316 1861 ipse
1351 1800 1530 1860 quam
1571 1802 1775 1861 pugna
1796 1780 2111 1841 videbatur
2134 1802 2237 1861 pe-

317 1876 660 1946 riculosior;
703 1878 850 1957 quia
893 1898 996 1956 per
1037 1875 1272 1937 declive
1321 1876 1787 1955 regredientibus
1824 1897 1903 1937 ex
1942 1878 2239 1957 superiore

319 1973 456 2034 loco
493 1974 680 2035 bostis
717 1974 1079 2033 imminebat.

401 2078 504 2131 84.
549 2070 790 2131 Idcirco
817 2070 1148 2151 Pompeius
1166 2071 1327 2151 spud
1354 2092 1492 2131 suos
1517 2070 1739 2131 dixisse
1764 2069 1971 2142 fertur,
2000 2079 2018 2107 ‘
2040 2090 2151 2129 non
2175 2090 2237 2129 se

317 2186 610 2239 recusare,
639 2170 784 2248 quin
811 2167 1032 2228 nullius
1056 2189 1194 2228 usus
1221 2170 1541 2249 imperator
1563 2169 2024 2237 existimaretur,
2044 2168 2095 2227 si
2112 2168 2237 2227 sine

319 2268 586 2327 maximo
609 2265 962 2327 detrimento
985 2264 1218 2325 Julieni
1243 2284 1307 2324 se
1333 2265 1732 2345 recepissent!
1816 2258 1901 2324 Et
1936 2262 2140 2323 Coesar
2174 2273 2241 2324 ut

317 2365 462 2434 suis,
489 2362 652 2443 quod
686 2369 906 2442 posset,
941 2360 1300 2433 consuleret,
1337 2371 1530 2421 crates
1555 2361 1740 2439 jussit
1774 2362 1835 2419 in
1874 2380 2105 2420 summo
2144 2370 2237 2420 tu-

255 2514 262 2523 .
318 2461 482 2521 mulo
525 2460 823 2529 constitui,
850 2458 1067 2538 quibus
1109 2460 1252 2518 tecti
1291 2459 1514 2518 milites
1547 2457 1763 2518 fossam
1792 2456 2073 2517 mediocri
2098 2456 2237 2517 lati-

320 2556 528 2617 tudine
574 2556 862 2626 facerent,
908 2564 972 2615 et
1015 2564 1306 2634 quantum
1347 2561 1608 2634 possent,
1654 2553 1851 2615 locum
1894 2552 2237 2633 impeditum

319 2654 654 2715 redderent.
739 2652 882 2733 Ipse
915 2650 1244 2711 funditores
1281 2651 1510 2711 idoneis
1537 2652 1687 2711 locis
1708 2651 1996 2731 disponit,
2022 2652 2239 2730 quibus

317 2750 576 2811 secuturi
601 2748 796 2809 hostes
821 2748 1288 2828 prohiberentur.
1375 2748 1498 2809 Sed
1528 2748 1887 2828 Pompeiani
1913 2746 2027 2807 hoc
2052 2745 2235 2807 auda-

317 2848 452 2909 cius
475 2846 832 2915 institerunt,
850 2842 1013 2923 quod
1031 2843 1244 2905 cedere
1273 2842 1574 2905 Caesarern
1599 2853 1758 2904 metu
1780 2842 2233 2909 arbitrabantur.

323 2943 490 3021 Ergo
527 2941 622 3001 Μ.
651 2940 980 3011 Antonius,
1007 2941 1113 3021 qui
1152 2942 1208 3000 ei
1246 2939 1464 3019 legioni
1491 2949 1765 3021 praeerat,
1780 2942 1951 3020 jussu
1982 2938 2238 3001 Caesaris
2260 2952 2393 3006 Plut.
2410 2956 2529 3009 Ant.

317 3060 460 3099 suos
495 3038 860 3109 cohortatus,
901 3058 942 3097 a
981 3037 1179 3097 medio
1215 3036 1340 3096 fere
1383 3037 1576 3117 spatio
1613 3038 1901 3117 impetum
1940 3036 2001 3099 in
2040 3038 2239 3097 hostes
2262 3022 2391 3123 GP·

319 3136 486 3197 fecit.
572 3137 782 3215 Atque
823 3134 934 3206 illi,
969 3156 1048 3195 ex
1085 3133 1360 3195 inferiore
1404 3135 1538 3195 loco
1575 3136 1632 3195 in
1676 3134 1983 3195 adversum
2022 3135 2237 3197 collem

317 3254 496 3297 cursu
555 3233 811 3303 incitati,
869 3232 1222 3312 pepulerunt
1250 3266 1254 3279 ·
1284 3232 1728 3313 Pompeianum
1800 3232 2238 3313 interfectisque

319 3329 612 3411 plurimis,
655 3348 896 3389 suorum
945 3328 1176 3387 amissis
1226 3328 1548 3389 admodum
1591 3330 1876 3409 quinque,
1922 3348 2037 3389 nou
2084 3330 2237 3391 ulte-

319 3428 446 3489 rius
495 3426 788 3508 persecuti
839 3424 1152 3505 fugientes,
1195 3445 1390 3507 neque
1443 3425 1600 3486 ultra
1645 3425 1925 3496 lacessiti,
1966 3446 2029 3485 se
2074 3446 2234 3487 rece·

323 3534 557 3606 pei-unt.
1891 3520 1918 3544 '

403 3628 504 3682 35.
549 3621 702 3681 Erat
723 3612 880 3681 nov's
903 3628 968 3681 et
991 3617 1248 3679 mirifica
1269 3617 1590 3679 obsidionis
1613 3618 1826 3689 forma,
1855 3618 2015 3699 quod
2041 3619 2237 3699 plures

319 3739 362 3779 a
393 3718 796 3800 paucioribus,
833 3717 992 3777 omni
1023 3717 1202 3797 copia
1237 3735 1432 3775 rerum
1473 3715 1846 3777 abundantes
1886 3735 1925 3774 a
1961 3714 2237 3775 famelico

319 3816 588 3877 exercitu
639 3804 1092 3874 claudebantur.
1206 3811 1450 3893 Quippe
1510 3811 1903 3892 Pompeianis
1952 3810 2237 3890 patebant
2262 3834 2393 3886 vm,
2430 3838 2562 3889 rior.

321 3913 534 3983 maria,
569 3930 762 3991 neque
805 3918 1016 3969 ventus
1055 3906 1196 3968 flare
1235 3906 1392 3968 ullus
1433 3916 1688 3989 poterat,
1730 3906 1871 3987 quin
1910 3905 2117 3985 aliqua
2153 3926 2231 3967 ex
2256 3901 2429 4015 ffitp

323 4018 492 4088 perte
535 4004 890 4067 commeatui
927 4003 1308 4065 subvehendo
1355 4004 1522 4064 utilis
1559 4013 1733 4063 esset.
1817 4001 2047 4062 Contra
2093 4000 2231 4061 Oae-
2256 3982 2563 4083 Luem-⁰¹¹¹?-

319 4106 470 4167 saris
493 4103 734 4175 milites,
759 4103 820 4163 in
847 4122 1063 4181 magna
1084 4100 1362 4163 frumenti
1386 4101 1657 4183 penuria,
1678 4099 1951 4161 carnibus
1976 4099 2231 4159 maxime
2258 4095 2386 4147 cffi-

387 4280 413 4307 ⁸
453 4269 732 4327 Quindecim
786 4267 944 4317 millia
991 4268 1238 4333 mum]
1310 4267 1674 4332 quinquaginta.
1710 4266 2099 4333 Quinquaginta
2121 4267 2231 4321 len·

317 4336 462 4388 Quin
505 4336 762 4384 nelencss
785 4340 1057 4382 nostrates.
1103 4332 1242 4381 Pnu-
1313 4347 1418 4384 cas.
1456 4334 1598 4383 Creu.

321 4404 378 4455 lo
407 4352 574 4453 iuliae
613 4400 777 4451 mutia
801 4412 1022 4465 psum
1057 4404 1246 4449 eentum
