3300 5234
866 582 1072 631 mem
1122 582 1319 631 oxu.
1367 583 2013 635 surrnnunu'ruu.
2366 572 2540 637 5237

398 733 496 790 17.
540 724 645 786 Sic
689 724 950 805 Magnus
994 726 1097 786 ille
1139 725 1471 807 Pompeius
1504 728 1567 787 in
1600 736 1920 809 conspectu
1945 729 2223 807 conjugis
2236 738 2367 793 Flor.

308 820 747 901 liberorumque
771 842 980 894 caesus,
1020 823 1174 882 inter
1198 822 1628 883 imbecillitatis
1652 824 1925 883 humanm
1944 824 1985 884 il
1993 823 2212 884 lustris—
2234 836 2353 890 Dio.

302 919 456 980 dms
503 918 860 980 documenta
904 928 1279 980 memoratur.
1365 919 1523 980 Cum
1571 940 1692 983 non
1745 919 1966 981 Romae
2011 921 2213 993 modo,
2270 934 2377 987 Cic.
2398 940 2460 987 sd

302 1013 411 1076 sed
440 1016 635 1075 ubivis
657 1015 842 1076 ferme
868 1025 1172 1087 terrarum,
1195 1025 1480 1097 perpetuo
1506 1025 1708 1077 tenore
1729 1015 2035 1078 felicitatis
2053 1019 2213 1098 prin·
2239 999 2372 1115 ἔξω·
2396 1019 2481 1053 ¹¹¹·

303 1113 506 1193 cipem
533 1111 730 1172 locum
754 1111 1081 1173 diutissime
1098 1113 1418 1182 tenuisset3
1441 1133 1514 1172 eo
1532 1113 1663 1194 ipso
1689 1122 1951 1196 tempore
1970 1134 2089 1193 quo
2115 1114 2212 1175 vel
2239 1099 2355 1181 Dio.

302 1211 565 1269 maxime
614 1208 819 1269 florere
864 1210 1098 1269 fotmus
1135 1217 1199 1269 et
1249 1210 1516 1289 potentia
1564 1208 1901 1282 videbatur,
1946 1230 2212 1292 praeceps
2232 1195 2432 1309 {3¹⁴⁸
2449 1201 2534 1248 ⁶⁸·

298 1305 504 1365 subito
526 1302 725 1378 datus,
752 1306 942 1386 pridie
968 1304 1229 1367 natalem
1254 1325 1449 1376 suum,
1484 1325 1607 1386 quo
1637 1305 1735 1365 die
1761 1306 1905 1366 olim
1938 1316 2064 1368 tum
2089 1306 2209 1367 dis-
2333 1296 2348 1311 ⁸

300 1401 432 1481 pari
474 1411 652 1472 sorte,
698 1400 776 1462 de
825 1401 1183 1462 Mithridate
1228 1409 1293 1461 et
1330 1402 1541 1482 piratis
1579 1401 1968 1463 clarissimum
2003 1405 2209 1465 trium-

298 1498 486 1578 phum
512 1496 790 1584 duxerat,
816 1499 1055 1560 clientis
1078 1499 1169 1560 sui
1194 1498 1474 1580 supplex,
1496 1497 1853 1561 famulorum
1871 1503 2002 1581 ejus
2021 1502 2208 1561 mani-

298 1596 415 1655 bus
443 1596 675 1659 invenit
700 1617 926 1660 necem.

372 2776 478 2830 18.
522 2768 689 2830 Cura
726 2777 928 2829 tumen
971 2766 1185 2831 decore
1224 2768 1481 2831 cadendi
1520 2771 1705 2830 etiam
1755 2769 2023 2829 morienti
2063 2768 2201 2831 fuit.
2225 2785 2409 2835 Lucan.

290 2866 465 2947 Toga
491 2867 677 2948 capiti
702 2865 983 2938 obductu,
1008 2887 1081 2927 ne
1107 2868 1240 2947 quis
1265 2877 1466 2952 gestus
1482 2868 1696 2939 notari,
1723 2875 1829 2949 aut
1850 2887 1971 2927 vox
2008 2866 2200 2946 indig-
2224 2899 2356 2951 Plut.

290 2982 372 3023 na
424 2963 618 3044 priore
664 2963 960 3044 Pompeio
999 2964 1199 3046 excipi
1244 2974 1461 3045 posset,
1504 2965 1726 3043 gemitu
1765 2969 1996 3023 tuntum
2037 2963 2202 3024 edito

290 3060 541 3141 excepit
583 3052 768 3120 enses.
852 3058 1056 3140 Caput
1094 3060 1175 3121 ud
1215 3080 1411 3140 regem
1444 3060 1698 3121 relatum
1729 3070 1841 3132 est,
1863 3060 2202 3140 siccataque
2224 3060 2412 3112 Lucan.

287 3164 428 3216 cute
469 3154 773 3216 conditum
807 3154 1098 3238 AEgyptio
1142 3176 1327 3217 more.
1405 3156 1678 3217 Truncus
1714 3156 2057 3247 contemtim
2093 3157 2200 3216 ab·
2224 3126 2492 3243 vffimssaffi

277 3255 489 3333 jectus
524 3254 585 3312 in
631 3252 851 3323 littore,
885 3273 924 3313 a
953 3252 1247 3335 Philippo
1288 3253 1501 3313 liberto
1541 3262 1863 3333 utcumque
1905 3262 2202 3314 crematus
2224 3272 2262 3305 ι.
2284 3261 2335 3307 8·

286 3351 602 3410 conscissa
644 3351 883 3432 scapha
920 3350 1120 3430 lignis,
1162 3350 1544 3432 sepultusque
1583 3360 1696 3423 est,
1734 3371 1871 3412 cum
1913 3350 1992 3410 ud
2040 3349 2199 3409 idem

286 3445 553 3507 officium
597 3446 750 3508 alius
790 3448 971 3508 etium
1019 3448 1171 3509 civis
1215 3446 1527 3509 Romanus
1557 3448 1710 3508 sorte
1758 3449 2199 3509 accucurrisset.

285 3543 610 3603 Tumulum
637 3552 844 3625 postea
867 3544 1083 3605 fluctus
1107 3546 1319 3606 marini
1350 3533 1751 3625 disjeceruntt
1794 3556 1857 3608 et
1891 3545 2197 3624 imagines,
2222 3568 2438 3634 Appisn.

286 3660 444 3720 quas
469 3642 868 3721 proximorum
911 3649 1241 3720 temporum
1277 3642 1593 3702 admiratio
1619 3652 1914 3723 posuerat,
1949 3660 2200 3722 sequen-

287 3738 439 3796 tium
477 3736 838 3816 negligentia
861 3736 1015 3798 mule
1042 3737 1276 3799 habitus
1298 3739 1359 3798 in
1396 3740 1565 3800 Casii
1592 3738 1765 3799 Jovis
1798 3738 1926 3799 aede
1965 3742 2200 3801 retrusit

285 3834 349 3893 in
391 3832 634 3905 cellam,
678 3835 781 3894 ubi
823 3842 1032 3895 vetera
1076 3842 1469 3915 truncataque
1520 3836 1690 3914 signa
1742 3836 2197 3917 reponebantur,
2305 3878 2314 3896 .

287 3930 571 4006 (favimus
606 3930 826 3992 Romae
850 3933 1175 4011 vocabunt)
1207 3932 1397 3993 donec
1422 3931 1735 3993 Adrianus
1760 3931 1986 4005 Caesar,
2013 3934 2197 4015 impe-
2250 3965 2318 4018 A·
2343 3965 2474 4019 Gen·

284 4029 442 4087 rium
468 4037 660 4088 totum
684 4028 946 4109 undique
972 4028 1358 4110 perlustrans,
1385 4048 1523 4090 cum
1549 4030 1610 4088 in
1652 4029 1979 4110 AEgyptum
2003 4032 2196 4090 venis·
2221 4047 2282 4079 ¹1-
2307 4035 2390 4107 ¹.⁰·

282 4134 402 4194 set,
440 4133 507 4185 et
529 4123 750 4204 effigies
772 4126 987 4207 reperit
1016 4128 1392 4206 ornavitque,
1429 4135 1494 4186 et
1526 4126 1821 4186 tumulum
1856 4126 2198 4206 inquisitum
2218 4096 2436 4160 Appum.

282 4221 455 4282 refici
484 4224 899 4304 repurgarique
932 4225 1135 4304 jussit.
1220 4223 1354 4283 Vix
1395 4223 1583 4284 relatu
1610 4224 1878 4302 dignum,
1901 4233 2096 4283 tamen
2120 4223 2198 4284 ad
2219 4234 2337 4288 Dio.

284 4323 553 4399 ineptam
590 4320 894 4380 hominum
939 4320 1271 4383 cavendam
1322 4319 1760 4381 solicitudinem
1800 4340 1914 4381 non
1962 4321 2196 4393 inutile,
2273 4314 2280 4319 ’

286 4416 536 4476 tradunt
585 4426 876 4489 auctores,
922 4437 1002 4478 ex
1047 4418 1335 4481 vaticinio
1382 4419 1643 4499 quodum
1687 4418 1927 4479 Cassios
1968 4439 2199 4500 semper
