3300 5234
766 541 945 610 5336
1274 567 1281 572 ·
1735 559 1804 610 τ.
1855 559 2044 610 mvn

767 709 1070 776 Futicapit.
1096 699 1321 762 Fabius
1344 701 1658 764 Maximus
1683 701 1768 762 A.
1800 702 1886 763 D.
1917 693 2028 764 ni.
2073 701 2224 763 Idus
2251 699 2550 764 Octobres
2587 703 2648 762 in
2685 699 3000 762 consulatu

1092 819 1201 859 suo
1256 799 1680 881 triumphavit:
1725 800 1812 862 A.
1847 799 1930 860 D.
1977 799 2126 860 Idus
2169 799 2534 860 Decembres
2573 799 2824 860 Pedius.
2909 798 3006 858 Hi

767 896 889 949 Dio·
1092 897 1396 976 triumphi,
1421 917 1580 967 cum,
1606 897 1846 956 minime
1871 896 2108 956 favente
2135 895 2380 977 populo,
2415 895 2789 967 ducerentur,
2821 895 3004 958 etiarn

1090 993 1175 1052 ob
1198 992 1668 1054 mediocritatem
1695 981 1926 1074 pome
1952 992 2132 1052 derisi
2159 1000 2318 1054 sunt.
2403 991 2560 1052 Cum
2585 993 2770 1064 euim,
2795 999 3008 1074 paucis

1092 1097 1231 1150 ante
1264 1089 1497 1160 diebus,
1536 1088 1742 1149 Caesar
1775 1087 2002 1170 oppida
2035 1089 2256 1150 eborea
2287 1097 2394 1148 aut
2429 1097 2710 1168 argentea
2745 1099 3008 1152 transtu-

1091 1183 1275 1257 lisset,
1316 1184 1535 1246 deinde
1574 1184 1884 1246 Maximus
1919 1185 2152 1266 ligneag
2197 1194 2215 1221 ‘
2246 1185 2454 1246 thecas
2491 1205 2618 1246 esse
2649 1185 3006 1267 oppidorum

768 1275 1068 1336 Quintana.
1098 1281 1381 1342 Caesaris’
1396 1284 1750 1362 jactitatum
1775 1289 1886 1344 est.
2205 1345 2214 1350 ,

1174 1385 1235 1438 3.
1280 1377 1403 1438 Sed
1448 1380 1648 1440 mirari
1701 1399 1818 1440 non
1863 1386 2101 1459 oportet
2140 1377 2442 1439 omrem
2481 1377 2636 1439 hanc
2679 1387 3006 1442 ostentaaee

768 1467 911 1520 Plnt.
1092 1475 1427 1548 victoriam,
1449 1495 1587 1538 cum
1618 1477 1804 1536 tantis
1839 1485 2096 1558 excepta
2123 1473 2342 1536 Romae
2375 1475 2630 1556 publicis
2655 1478 3006 1554 gratialatio-

1093 1573 1269 1634 nibus
1291 1583 1465 1644 esset,
1502 1582 1627 1634 tam
1653 1573 2053 1652 singularibus
2075 1573 2463 1634 cohonestata
2486 1571 2758 1634 decretis.
2843 1575 3006 1636 Sane

1092 1679 1327 1732 numm
1350 1671 1449 1736 illi.
1476 1670 1852 1732 verecundiae
1890 1668 2280 1750 superfuerat,
2309 1677 2380 1740 ut
2417 1689 2612 1750 neque
2649 1672 2890 1732 nuntios
2921 1694 3006 1740 ,ex

769 1755 1071 1872 ‘tolia-{Um
1096 1767 1423 1849 Hispania,
1448 1788 1641 1848 neque
1669 1766 1870 1829 literas
1895 1767 2136 1849 publice
2160 1769 2441 1828 mitteret.
2508 1768 2606 1829 At
2629 1778 2852 1849 patres,
2875 1769 3008 1851 ple-

906 1837 937 1871 n
1091 1865 1261 1946 rique
1290 1864 1577 1926 adulandi
1600 1863 1823 1935 studio,
1849 1863 2122 1925 nonnulli
2159 1885 2280 1945 quo
2315 1865 2542 1944 majore
2569 1875 2878 1927 oneratum
2919 1868 3007 1926 in—

1090 1960 1258 2023 vidia
1280 1961 1545 2024 velocius
1578 1970 1644 2022 et
1673 1962 2014 2022 excusatius
2047 1961 2382 2042 perderent,
2416 1961 2666 2022 honores
2701 1961 2870 2023 nullo
2897 1983 3008 2024 nec

1078 2058 1221 2138 jure
1280 2078 1393 2120 nec
1457 2057 1738 2140 exemplo
1801 2059 2222 2137 congerebant.
2317 2057 2404 2118 Et
2465 2057 2684 2119 Cicero
2737 2058 3006 2139 quidem,
3035 2109 3042 2116 .

1090 2166 1377 2236 quantum
1400 2175 1630 2217 summo
1665 2156 1881 2236 cuique
1914 2155 2219 2216 hominum
2253 2155 2436 2216 tribui
2468 2165 2688 2238 potest,
2711 2159 3010 2218 sententia

1091 2273 1203 2314 sua
1237 2253 1507 2316 dederat.
1586 2253 1714 2314 Sed
1751 2253 1855 2314 alii
1885 2253 1974 2314 sic
2013 2252 2410 2327 adauxerunt,
2439 2263 2506 2314 ut
2539 2253 2756 2315 Cicero
2793 2275 3006 2336 prope-

771 2347 889 2410 Dio·
908 2363 1069 2404 nm.
1092 2351 1335 2412 modum
1376 2350 1704 2412 malevolus
1741 2350 1920 2412 finisse
1959 2351 2276 2412 videretur.
2361 2351 2466 2412 Ita
2493 2350 2858 2432 supplicatio
2879 2353 3008 2414 die·

788 2445 1071 2496 (Md-1³⁸¹*-
1092 2468 1221 2510 rum
1256 2449 1698 2529 quinquaginta,
1719 2446 2000 2510 decreta:
2041 2457 2231 2529 utque
2267 2447 2576 2510 Palilibus
2601 2447 2732 2509 ludi
2757 2448 3004 2509 ederen-

768 2517 983 2627 B'foffoe'
1094 2553 1211 2615 tur,
1254 2565 1371 2606 non
1387 2547 1521 2625 jam
1548 2546 1627 2605 ob
1653 2544 1916 2606 natalem
1949 2545 2154 2618 Urbis,
2181 2544 2290 2606 sed
2313 2545 2459 2626 quia
2493 2545 2688 2626 pridie
2713 2547 2852 2626 ejus
2889 2545 3006 2606 diei

788 2639 1071 2692 O'idffltflt·
1094 2641 1370 2704 nuntiata
1409 2640 1664 2702 Coesaris
1702 2641 1834 2704 haec
1877 2642 2132 2710 victoria
2169 2641 2393 2704 suisset.
2478 2641 3006 2711 Quemadmodum

770 2718 853 2818 ’Ἄ
868 2710 983 2782 ³⁷7⁰
1092 2739 1305 2800 eodem
1338 2758 1537 2799 mense
1575 2737 1664 2799 A.
1705 2737 1788 2799 D.
1817 2755 1912 2800 vl.
1957 2736 2108 2798 Idus
2133 2738 2383 2820 Apriles
2415 2737 2544 2799 ludi
2577 2740 2660 2798 ob
2697 2739 3008 2800 victoriam

768 2785 964 2910 cipi’n.
1092 2835 1447 2898 Africanam
1473 2835 1718 2897 fiebant.
1805 2835 1928 2896 Sed
1954 2844 2016 2896 et
2053 2843 2284 2896 ceteras
2321 2835 2668 2916 insigniores
2705 2837 2842 2916 ejus
2881 2837 3006 2898 vic-

770 2898 889 2950 D¹⁰⁰
1094 2933 1277 2994 torius
1312 2935 1559 3014 singulis
1602 2933 1759 2995 ludis
1805 2934 2112 3015 placuerat
2151 2933 2461 2994 celebrari.
2545 2932 2832 2994 Ceterum
2879 2932 3008 2994 baec

1090 3039 1223 3092 erat
1246 3033 1445 3112 potius
1466 3031 1830 3092 calamitatis
1852 3031 2282 3111 vulnerumque
2308 3030 2653 3112 reipublicae
2679 3033 2868 3092 tristis
2899 3051 3006 3091 ex·

1092 3129 1419 3209 probratio.
1502 3127 1722 3189 Levius
1763 3128 2048 3188 insanisse
2087 3129 2450 3198 viderentur,
2495 3127 2598 3206 qui
2648 3126 3006 3188 Clementiae

768 3227 905 3304 Plut.
1092 3223 1379 3305 templum
1418 3224 1756 3305 ponendum
1779 3233 2164 3292 censuerant:
2209 3225 2321 3284 nisi
2345 3243 2656 3284 commune
2683 3223 2798 3304 ipsi
2825 3233 3006 3304 atque

770 3293 887 3348 ¹³²⁰·
914 3309 1065 3347 ιη’·
1095 3319 1447 3382 Clementiae
1493 3343 1619 3381 esse
1653 3321 2006 3394 voluissent,
2045 3321 2375 3382 simulacris
2413 3321 2720 3400 utriusque
2765 3319 3012 3380 dextr„

770 3358 993 3423 Appz...
1100 3419 1115 3432 .
1344 3419 1359 3434 .
1614 3421 1626 3432 .
1739 3421 1752 3432 .

1084 3429 1467 3498 Jungenuum
1492 3417 1805 3480 dedicatis.

769 3521 1069 3642 einp-022⁵·
1174 3522 1235 3576 4.
1278 3515 1439 3578 Sane
1477 3516 1624 3597 quid
1650 3516 1916 3576 facturus
1941 3515 2118 3576 fuerit
2157 3515 2384 3587 Caesar,
2411 3516 2460 3575 si
2486 3515 2738 3575 vixisset
2759 3513 3006 3586 diutius,

1092 3631 1209 3671 non
1236 3612 1445 3692 liquet.
1530 3611 1698 3672 Illud
1727 3615 1788 3673 in
1817 3612 2086 3674 confesso
2109 3621 2222 3682 est,
2249 3612 2448 3692 quoad
2477 3613 2628 3672 vixit
2653 3612 2860 3672 mitem
2895 3611 3006 3670 hu-

1090 3727 1449 3790 manumque
1488 3720 1551 3771 et
1591 3710 1958 3793 placabilem
1990 3709 2346 3770 adversariis
2367 3731 2432 3769 se
2458 3709 2799 3791 praebuisse.
2883 3707 3008 3767 Sed

1092 3813 1157 3865 et
1174 3808 1285 3866 sub
1310 3817 1641 3868 extremum
1667 3817 1900 3889 tempus
1923 3810 2106 3869 etiam
2133 3809 2350 3887 quibus
2375 3809 2724 3868 nominatim
2751 3806 3008 3866 reditum

767 3953 902 4004 Pht.
1092 3921 1211 3964 non
1236 3916 1625 3979 conceoeerat,
1653 3907 1872 3967 reverti
1893 3925 2118 3978 omnes,
2149 3905 2517 3986 honoresque
2542 3915 2606 3966 et
2637 3905 2888 3986 imperia
2903 3923 3008 3962 ca-

800 4019 909 4068 Cic.
931 4019 993 4068 ad
1090 4021 1231 4082 pere
1275 4023 1481 4084 passus
1522 4013 1633 4064 est.
1719 4003 1980 4064 Brutum
2021 4003 2266 4084 quidem
2299 4011 2362 4062 et
2407 4003 2682 4064 Cassium
2723 4010 3008 4084 praetores

765 4081 903 4196 ἓως
928 4089 1064 4136 '⁸⁰0
1091 4109 1216 4160 tum
1254 4099 1519 4161 fecerat:
1572 4100 1706 4162 aliis
1741 4101 1948 4160 multis
1979 4101 2134 4161 alios
2169 4101 2554 4178 magistratus
2591 4107 3002 4160 cosmi-at:

802 4163 1019 4279 Ιξὲῖἓῖι.
1090 4197 1497 4274 conjecturam
1524 4197 1662 4258 inde
1691 4197 1948 4258 faciente
1985 4197 2230 4278 populo,
2257 4197 2384 4256 fore
2419 4205 2486 4256 ut
2511 4193 2788 4276 exemplo
2815 4194 3002 4275 Syllae

768 4277 915 4327 3³⁸⁸·
934 4295 1056 4330 ΠΗ·
1092 4293 1517 4374 rempublicam
1542 4293 1836 4354 redderet.
1905 4294 2134 4354 Postea
2153 4303 2216 4354 et
2243 4293 2311 4353 L.
2341 4293 2554 4373 Syllae,
2577 4293 2694 4352 Cn.
2725 4290 3004 4370 Pompeii

766 4343 1075 4458 εἷῖαωέὲει.
1094 4399 1319 4452 statuas
1340 4411 1377 4452 a
1400 4391 1573 4473 plebe
1588 4391 1893 4473 disjectas,
1913 4413 2020 4474 per
2041 4391 2372 4453 Antonium
2391 4389 2686 4470 collegam
2703 4388 2996 4471 reposuit3
