3300 5234
870 617 1080 667 unm
1132 616 1292 667 cix.
1337 614 1681 667 suenum
1694 605 1992 666 nurum
2350 592 2527 659 515⁷

307 762 587 835 cesaris,
612 770 674 823 et
699 760 770 821 L.
799 758 1057 822 Roscius
1079 768 1316 842 praetor,
1338 758 1675 819 Ariminum
1696 756 1969 839 profecti,
1994 753 2201 817 Caesa-

307 880 428 921 rem
455 880 622 921 orare
647 859 1044 929 instituerunt,
1071 855 1405 932 discederet
1427 856 1506 917 ab
1543 856 1742 925 armis,
1768 874 2017 933 suesque
2042 853 2201 931 inju-

303 957 421 1017 rias
473 955 816 1039 reipublicae
865 955 1134 1016 donaret.
1219 952 1426 1015 Caesar
1471 952 1655 1035 paulo
1698 952 1935 1013 diversa
1984 952 2063 1011 ab
2113 950 2205 1011 his

304 1074 442 1134 qnae
479 1074 584 1135 per
623 1052 932 1135 epistolam
968 1051 1394 1134 postulaverat,
1429 1048 1751 1131 respondit.
1832 1057 1851 1083 ‘
1875 1046 2203 1128 Pompeius

303 1160 406 1211 eat
431 1151 492 1210 in
523 1149 922 1231 Hispaniamz
963 1148 1230 1209 delectus
1253 1155 1317 1208 et
1342 1145 1614 1229 praesidia
1635 1154 1845 1207 contra
1866 1164 1931 1205 se
1956 1164 2197 1226 compa-
2254 1150 2361 1203 Cic.
2382 1152 2444 1201 nd

305 1255 438 1309 rata
462 1245 852 1307 dimittantur.
938 1244 1019 1305 Se
1045 1244 1379 1305 ulteriorem
1418 1242 1687 1303 Galliam
1724 1240 2015 1313 Domitio,
2050 1242 2197 1303 cite·
2222 1216 2377 1332 ff&
2391 1229 2505 1329 {3¹⁰

305 1344 520 1405 riorem
561 1344 657 1405 M.
686 1342 973 1404 Considio
1009 1342 1294 1403 Noniano
1317 1340 1667 1402 traditurum
1694 1360 1711 1401 t
1755 1338 1835 1401 ad
1859 1340 2201 1401 consulatus
2222 1345 2429 1423 Aguvn.
2448 1349 2529 1403 ιδ.

305 1440 652 1521 petitionem
677 1449 1006 1503 venturum.
1089 1438 1312 1519 Neque
1329 1441 1466 1519 jam
1487 1437 1644 1499 velle
1670 1438 1958 1499 ratIonem
1992 1437 2203 1500 haberi
2226 1410 2339 1463 ¹³²⁰·
2361 1411 2490 1464 σε’·

305 1538 604 1597 absentis:
647 1535 1050 1597 trinundinum
1087 1536 1448 1617 petiturum?
1529 1534 1616 1595 Et
1646 1555 1767 1616 quo
1792 1534 2031 1595 facilius
2058 1554 2199 1595 con·-

304 1634 553 1704 veniret,
579 1634 751 1713 petiit
773 1641 842 1693 ut
863 1630 1246 1713 colloquendi
1269 1651 1452 1695 causa
1471 1633 1713 1714 propius
1736 1630 1987 1692 accedat
2010 1632 2199 1693 Pom·

305 1729 494 1809 peius,
523 1736 628 1789 aut
664 1748 726 1789 se
766 1728 1049 1791 accedere
1089 1728 1370 1809 patiatur.
1454 1728 1612 1789 Cum
1649 1728 1742 1789 his
1780 1725 2072 1788 mandatis
2108 1746 2198 1787 re-
2226 1742 2229 1745 ·
2256 1739 2365 1791 cic.
2391 1738 2455 1788 nd

305 1826 460 1885 versi
484 1824 844 1907 Pompeium
875 1833 937 1885 et
960 1824 1233 1885 consules
1251 1824 1481 1885 Theani
1501 1832 1865 1907 repererunt,
1886 1832 2023 1885 ante
2044 1822 2201 1884 diem
2223 1804 2435 1921 ettam·
2448 1808 2533 1857 ¹⁴·

305 1938 466 1983 vlu.
493 1922 806 1985 Kalendas
835 1922 1229 1992 Februarias3
1274 1942 1394 2003 quo
1411 1920 1512 1983 die
1551 1922 1628 1982 ad
1654 1942 1757 1985 eos
1781 1920 1854 1983 Τ.
1882 1920 2199 2013 Labienus,
2223 1950 2304 2001 ep.
2330 1905 2409 1987 13.

305 2016 590 2079 damnata
615 2018 872 2079 Caesaris
903 2040 1106 2091 causa,
1131 2027 1396 2079 venerat.
2034 2091 2041 2105 Ι

385 2122 492 2178 51.
535 2114 602 2175 Is
625 2116 732 2176 diu
758 2116 836 2176 ab
863 2116 1116 2177 inimicis
1143 2115 1412 2183 Caesaris
1424 2114 1773 2187 solicitatus,
1800 2135 1839 2176 a
1862 2134 1982 2196 quo
2006 2116 2200 2177 maxi-
2243 2115 2527 2177 Birt-‘¹⁸13-

307 2214 418 2273 mis
451 2214 1026 2285 auctushonoribus,
1054 2214 1442 2295 omnibusque
1473 2234 1661 2295 nuper
1694 2222 1853 2273 trans
1876 2212 2077 2293 Alpes
2098 2233 2199 2273 co·—
2223 2180 2359 2233 Gal·
2382 2196 2505 2233 '¹¹¹‘

310 2310 424 2395 piis
463 2309 778 2392 praefectus
810 2309 1029 2383 fuerat,
1069 2310 1368 2371 fortunam
1407 2310 1710 2371 imbecillo
1747 2310 1947 2370 auimo
1984 2308 2199 2381 ferens,
2224 2320 2341 2370 Dio.

310 2406 634 2479 caesarem,
661 2410 796 2487 jam
827 2418 892 2469 et
933 2409 1126 2489 ipsum
1167 2418 1409 2490 propter
1447 2406 1821 2477 insolentiam
1854 2406 2105 2467 hominis
2138 2405 2201 2465 in

308 2524 506 2565 amore
531 2504 910 2584 frigidiorem,
935 2504 1290 2585 reliquerat:
1314 2504 1567 2585 speciem
1593 2504 1803 2582 magis,
1823 2503 2003 2582 quam
2024 2502 2200 2575 vires,
2224 2506 2358 2563 Plut.
2377 2508 2507 2563 Ces.

307 2612 374 2663 ut
397 2603 594 2663 exitus
617 2600 842 2672 docuit,
871 2601 1130 2683 praelatis
1161 2602 1426 2683 partibus
1451 2598 1721 2661 afferens.
1804 2598 1977 2659 Huic
2000 2607 2201 2661 tamen

309 2699 538 2771 Cesar,
583 2719 693 2780 pro
733 2698 912 2760 solita
951 2700 1134 2760 animi
1175 2696 1605 2778 magnitudine,
1647 2696 1983 2778 pecuniam,
2028 2698 2205 2777 cujus

306 2796 410 2859 ille
435 2796 728 2878 praedives
749 2805 902 2867 erat,
927 2805 991 2856 et
1011 2798 1269 2857 sarcinas
1294 2814 1500 2856 omnes
1521 2794 1763 2855 remisit.

390 2898 492 2953 62.
536 2891 922 2954 conditiones
958 2893 1210 2953 Caesaris
1244 2912 1356 2955 nec
1391 2888 1630 2973 rejecta}
1664 2910 1889 2963 omues,
1914 2910 2027 2953 nec
2066 2912 2199 2973 pro·
2257 2893 2365 2944 cie.
2383 2896 2449 2945 td

307 2989 468 3051 batae
487 2998 643 3050 sunt.
728 2988 826 3051 De
853 2990 1152 3071 colloquio
1171 2988 1624 3050 dissimulatum.
1688 2986 1901 3069 Scipta
1920 2988 2203 3050 mandata
2226 2958 2527 3076 3253&

311 3106 414 3167 per
439 3082 678 3147 eosdem
711 3088 951 3147 remissa
985 3086 1064 3147 ad
1102 3086 1423 3157 caesarem,
1451 3094 1469 3123 ⁶
1493 3093 1562 3145 ut
1591 3084 1693 3145 ille
1718 3085 1795 3146 de
1830 3085 1922 3146 his
1945 3086 2201 3167 oppidis,

309 3202 446 3263 quae
469 3188 642 3243 extra
664 3203 830 3243 suam
856 3184 1218 3264 provinciam
1253 3182 1683 3262 occupavisset,
1716 3182 1991 3263 praesidia
2013 3182 2203 3244 dedu·

309 3286 486 3339 ceret.
574 3278 652 3340 Id
683 3281 734 3341 si
769 3279 1025 3351 fecisset,
1052 3280 1130 3341 ad
1164 3279 1396 3340 Urbem
1431 3279 1720 3341 redituros
1764 3289 1983 3361 patres,
2019 3288 2087 3341 ut
2124 3280 2201 3343 de
2287 3342 2293 3365 ,

311 3377 384 3437 iis
407 3378 549 3459 ipsis
573 3377 1012 3439 conditionibus
1042 3398 1194 3457 quas
1227 3375 1547 3449 obtulerat,
1573 3384 1809 3437 senatus
1837 3376 2041 3437 haberi
2066 3376 2200 3439 Ro-

310 3492 424 3534 mae
451 3482 666 3554 posset.
752 3472 830 3533 In
857 3472 1189 3555 Hispanias
1209 3474 1424 3535 iturum
1453 3472 1817 3555 Pompeium
1844 3474 2015 3535 esse-⁹
2084 3531 2087 3537 .

390 3577 492 3631 53.
536 3569 762 3631 Neutri
801 3570 1020 3631 ducum
1057 3573 1202 3633 satis
1237 3591 1358 3653 pax
1393 3569 1694 3653 placebat.
1776 3571 2125 3653 Pompeius,
2150 3572 2203 3633 si
2225 3588 2341 3640 Dio.

309 3666 536 3750 populo
564 3666 844 3728 Romano
871 3676 1132 3748 potestas
1155 3670 1344 3729 omnis
1377 3669 1799 3740 restitueretur,
1834 3668 1997 3729 haud
2020 3669 2201 3731 dubie

310 3765 646 3827 inferiorem
683 3786 748 3825 se
790 3767 982 3845 gratia
1021 3766 1277 3827 Caesaris
1302 3766 1581 3827 rebatur:
1625 3766 1830 3826 Caesar
1856 3767 2201 3829 ab-ineunte
2244 3784 2379 3835 suet.
2396 3784 2523 3838 c...

309 3871 488 3925 aetate
530 3863 938 3945 cupidissimus
975 3862 1324 3945 imperandi,
1361 3862 1801 3947 praetermittere
1836 3863 2204 3925 occasionem
2225 3855 2373 3963 ⁰3¹2·
2397 3914 2527 3965 cm·

311 3960 576 4032 nolebat,
605 3981 822 4039 gnarus
843 3980 960 4021 non
987 3960 1152 4021 aliud
1180 3962 1298 4022 sibi
1336 3961 1414 4021 ad
1446 3960 1841 4042 principatum
1872 3960 2003 4031 iter,
2024 3975 2202 4041 quam·
2224 3987 2279 4027 et
2296 3950 2485 4033 Antan.

309 4078 416 4139 per
463 4056 878 4118 conculcatum
919 4056 1304 4140 Pompeium,
1363 4076 1508 4117 esse.
1612 4055 1832 4136 Itaque
1871 4054 2035 4116 mala
2082 4056 2203 4118 fide
2226 4042 2353 4102 ⁰¹⁸⁸·

311 4174 514 4216 secum
559 4156 658 4234 agi
701 4151 1039 4225 cavillatus,
1087 4154 1249 4233 quod
1293 4162 1428 4215 aute
1478 4172 1660 4234 quam
1712 4152 1873 4214 diem
1912 4153 2097 4213 iturus
2140 4155 2203 4215 iu

313 4248 680 4333 Hispaniam
707 4251 1034 4331 Pompeius
1066 4258 1243 4323 esset,
1285 4270 1622 4333 expressum
1658 4270 1776 4311 non
1816 4249 2033 4321 fuerat,
2074 4258 2205 4313 toto

313 4348 513 4409 animo
539 4349 598 4408 in
621 4332 844 4408 bellum
871 4367 1095 4418 versun,
1116 4368 1222 4428 per
1244 4368 1476 4407 omnem
1505 4345 1753 4407 Italiam
1785 4345 1990 4407 literas
2008 4346 2203 4407 mitte·
2226 4356 2343 4409 Dio.

317 4442 464 4505 bat:
507 4452 526 4483 ‘
547 4444 676 4508 sive
705 4446 846 4525 jure
869 4463 1090 4519 secum,
1129 4444 1254 4507 sive
1279 4444 1458 4507 armis
1493 4452 1781 4524 ageretur,
1820 4450 2091 4525 paratum
2126 4442 2204 4509 ad
