3300 5234
816 622 1019 671 mam
1072 620 1235 671 cxi.
1280 620 1933 678 SUPPhEMBNTUM.
2101 636 2106 641 ·
2305 608 2483 673 5225
2531 584 2544 597 ⁰

249 768 297 827 si
338 768 399 827 in
438 774 657 836 castra,
686 766 797 825 nisi
826 766 1031 835 victor,
1068 772 1485 835 revertet-etun
1530 764 1712 847 idque
1739 761 2158 845 jusjurandum

249 864 441 924 secuti
466 862 683 939 deinde
720 882 923 922 omnes
954 870 1140 921 erant.
1224 860 1319 921 At
1345 859 1571 932 Caesar,
1596 862 1724 922 sive
1751 880 1855 942 per
1879 859 2156 941 explora-

250 972 407 1021 tores
442 980 511 1019 re
548 960 810 1037 cognita,
836 959 960 1018 sive
994 958 1279 1038 presagio
1318 959 1520 1028 animi,
1546 959 1837 1018 revocatis
1859 958 2048 1017 tribus
2071 955 2158 1016 le·
2185 962 2401 1027 Appiam.

250 1057 549 1136 gionibus‚
599 1075 749 1136 quas
796 1054 1219 1118 frumentatum
1270 1058 1565 1128 emiserat,
1614 1055 1692 1115 de
1741 1054 1942 1115 media
1989 1062 2161 1115 nocte
2184 1028 2486 1143 εἷίιξξῖὶῐ.

250 1174 429 1213 sacra
468 1152 659 1213 Marti
698 1160 763 1213 et
788 1150 1013 1212 Veneri
1048 1150 1345 1213 Genitrici
1386 1151 1553 1223 fecit,
1589 1170 1772 1232 quam
1809 1170 1934 1211 sum
1975 1150 2164 1229 gentis
2187 1158 2405 1223 Appias.

252 1259 558 1311 auctorem
602 1268 729 1309 ωε
768 1246 1120 1319 dictitabat3
1163 1247 1449 1329 templum
1486 1268 1728 1329 quoque
1769 1246 1963 1309 eidem
1998 1246 2166 1309 vovit

252 1366 329 1408 ex
360 1346 679 1407 manubiis.

330 1452 443 1505 61.
488 1443 647 1505 Cum
678 1445 973 1527 utrimque
1008 1442 1255 1524 sed‘nset
1284 1443 1498 1503 animis
1532 1441 1834 1525 pugnandi
1867 1442 2167 1511 voluntas,

256 1550 323 1603 ut
346 1542 539 1602 ferme
562 1542 623 1602 in
649 1561 995 1621 magnarum
1018 1560 1213 1600 rerum
1238 1540 1654 1621 expectatione
1681 1541 1920 1601 miscere
1945 1560 2007 1599 se
2033 1560 2166 1621 pro·
2193 1556 2324 1605 Flor.

256 1639 427 1717 digia
448 1637 663 1710 solent,
690 1638 879 1699 multa
902 1638 1033 1699 visa
1048 1646 1155 1697 aut
1178 1636 1325 1699 ficta
1343 1647 1496 1698 sunt.
1582 1638 1866 1698 Victimae
1885 1638 1944 1697 in
1963 1638 2172 1697 castris
2197 1622 2409 1735 vkucffi’l·

258 1735 569 1816 Pompeii,
618 1755 753 1795 cum
806 1734 1255 1795 admoverentur
1304 1735 1440 1805 sris,
1506 1734 1784 1813 fugerunt
1811 1754 1828 1793 τ
1893 1734 2170 1793 examina
2193 1750 2308 1800 Dm
2417 1716 2432 1733 ’

260 1853 443 1913 apum
490 1834 551 1893 in
600 1830 850 1893 militum
888 1832 1069 1910 signis
1118 1840 1183 1891 et
1220 1831 1507 1891 altaribus
1544 1831 1860 1891 sederunt:
1913 1830 2168 1891 interdiu
2191 1816 2304 1931 ⁸¹32]
2315 1816 2500 1929 om

262 1929 504 1989 suerunt
528 1930 787 1990 tenebrae
811 1950 827 1989 t
870 1929 1199 2009 Pompeius
1236 1938 1410 1989 nocte
1436 1950 1572 2009 quae
1609 1928 1878 2009 praelium
1903 1937 2170 1989 anteces-
2195 1963 2234 1995 1.
2261 1916 2324 1996 o..

260 2028 357 2097 sit,
385 2046 499 2108 per
522 2026 779 2105 quietem
818 2027 873 2085 in
920 2024 1151 2087 theatro
1188 2046 1298 2086 suo
1338 2025 1541 2085 sedere
1586 2026 1938 2105 imaginatus
1973 2034 2086 2097 est,
2111 2033 2176 2086 et
2231 2011 2364 2059 ΡΜ·

264 2126 531 2183 maximo
555 2123 761 2203 populi
789 2122 997 2203 plausu
1022 2123 1241 2204 excipi.
1312 2122 1480 2183 Inter
1504 2123 1656 2193 haec,
1683 2132 1881 2184 castra
1901 2123 2032 2202 ejus
2057 2121 2176 2182 ful·
2198 2076 2370 2191 {22⁹
2391 2082 2442 2124 οἱ

264 2220 525 2282 minibus
548 2220 738 2300 petita
760 2228 931 2279 sunt:
972 2220 1261 2279 excubias
1282 2220 1684 2280 circumeunte
1715 2219 1979 2290 Caesare,
2003 2218 2108 2279 fax
2137 2238 2178 2279 a
2200 2204 2410 2272 Appiam.

263 2317 473 2377 castris
496 2317 631 2396 ejus
648 2317 707 2375 in
728 2315 1111 2397 Pompeiana
1132 2314 1439 2377 decurrere
1462 2317 1592 2375 visa
1616 2324 1728 2389 est,
1753 2325 1932 2397 atque
1953 2315 2176 2376 ibidem

264 2414 563 2493 extingui.
628 2412 931 2475 Nocturni
956 2432 1195 2494 quoque
1220 2420 1469 2473 terrores
1494 2414 1556 2473 in
1590 2412 1860 2475 exercitu
1894 2412 2176 2493 'Pompeii

264 2509 431 2571 fuere
469 2512 583 2570 sub
632 2511 819 2591 ipsam
846 2508 1065 2581 lucem,
1104 2509 1388 2591 auxitque
1432 2510 1968 2570 consternationem
2005 2528 2176 2569 mane
2199 2514 2326 2565 Flor.

268 2608 433 2690 apud
456 2607 750 2690 principia
774 2628 908 2668 cum
935 2607 1105 2689 pullo
1128 2616 1479 2688 conspectus
1504 2607 1841 2688 imperator.
1907 2605 2062 2687 Spes
2083 2616 2178 2672 ta-

266 2726 401 2765 men
432 2704 746 2787 praevaluit
764 2704 925 2787 apud
947 2712 1225 2786 pertaesos
1244 2724 1425 2765 morae
1452 2705 1700 2777 animos,
1741 2712 1804 2765 et
1819 2724 1900 2765 ex
1925 2720 2178 2785 appara·
2203 2693 2424 2763 ᾹΡῙᾸΙΕ·

266 2812 439 2863 tuum
458 2802 865 2881 magnitudine
882 2801 1031 2863 belli
1048 2810 1326 2863 eventum
1340 2802 1666 2863 metientes.
1699 2801 1894 2880 Igitur
1907 2810 1972 2861 et
1985 2801 2180 2863 facem

270 2898 329 2959 in
364 2918 479 2959 sua
514 2908 711 2959 castra
733 2897 999 2959 delatam
1031 2877 1152 2958 suae
1186 2897 1563 2959 claritudinis
1585 2918 1758 2959 omen
1784 2898 2182 2978 accipiebant,

271 3005 333 3057 et
372 2996 683 3056 insomniis
720 2994 1005 3077 Pompeii
1046 2994 1333 3055 fidebant.
1418 2994 1589 3055 Nam
1630 2996 1703 3065 is,
1727 2996 1922 3075 sopito
1959 3002 2184 3067 castro·

272 3113 401 3153 rum
422 3090 681 3153 mmultu
700 3092 889 3172 quieti
912 3091 1197 3162 redditus,
1218 3092 1497 3152 altissime
1526 3090 1978 3160 indormiverat;
2015 3091 2183 3151 exci—
2209 3086 2345 3137 ΡΜ·

272 3198 553 3269 tutusque
580 3189 659 3249 ab
688 3189 913 3262 amicis,
938 3188 1117 3249 modo
1141 3210 1205 3250 se
1233 3209 1337 3270 per
1360 3190 1649 3249 somnium
1664 3187 1694 3229 ⁶
1735 3188 1956 3257 Romae
1981 3187 2184 3249 sanum
2209 3152 2426 3268 ssffgff‘

277 3286 543 3348 Veneris
569 3285 853 3347 Victricis
874 3286 1179 3347 dedicasse
1196 3288 1527 3366 juraverat.

352 3390 459 3444 62.
505 3383 601 3444 At
636 3384 893 3443 incertus
928 3384 1161 3445 consilii
1192 3382 1419 3454 Caesar,
1447 3391 1511 3443 et
1534 3382 1848 3463 desperato
1873 3380 2080 3464 praelio
2103 3401 2184 3442 ex
2208 3398 2342 3449 caes.

276 3481 574 3561 superiore
613 3480 1041 3542 consuetudine
1067 3479 1372 3563 Pompeii,
1401 3479 1718 3553 Scotusam
1763 3488 1962 3540 castra
1995 3488 2184 3539 motu·
2209 3495 2343 3546 Plut.
2360 3492 2492 3547 cos.
2574 3504 2598 3517 ‘

274 3598 375 3638 rus
396 3586 548 3639 erat.
631 3576 673 3637 J
678 3598 773 3639 am
814 3577 1285 3640 detendebantur
1330 3577 1765 3647 tabernacula3
1809 3596 1946 3638 cum
1989 3577 2181 3639 Pom·
2210 3592 2340 3641 cea.

279 3674 555 3755 peianam
592 3676 781 3735 aciem
808 3674 1039 3754 longius
1056 3676 1235 3737 solito
1260 3683 1399 3737 ante
1437 3676 1666 3737 vallum
1693 3694 2064 3755 progressam
2091 3696 2184 3735 re-

280 3770 467 3833 latum
486 3780 599 3833 est.
688 3772 882 3851 Igitur
904 3771 1255 3853 expeditum
1280 3792 1515 3852 agmen,
1544 3772 1706 3854 quod
1741 3776 1875 3854 jam
1910 3776 1970 3836 in
2007 3775 2190 3857 portis
2215 3794 2426 3861 Appias.

278 3878 429 3941 erat,
453 3870 824 3941 cohortatus,
849 3879 1095 3951 proruto
1117 3868 1303 3940 vallo,
1330 3870 1499 3950 quasi
1528 3870 1784 3931 hostium
1811 3874 2020 3932 castris
2045 3892 2182 3933 mox
2210 3862 2396 3977 {22⁸³-

280 3967 596 4046 potituros,
616 3968 832 4028 eduxit
853 3968 1077 4039 statim,
1103 3968 1378 4047 hostique
1408 3968 1694 4049 processit
1715 3969 1973 4029 obviam.
2003 3968 2192 4029 Acies
2323 3960 2336 3975 ”

286 4064 577 4144 utrimque
628 4065 715 4125 sic
757 4064 1034 4125 ordinata
1084 4066 1268 4127 stetit.
1354 4064 1607 4129 Sinistro
1653 4066 1936 4147 Pompeii
1986 4086 2192 4140 cornu,

284 4181 417 4223 cnm
446 4162 685 4223 duabus
730 4160 1081 4243 legionibus,
1108 4182 1261 4243 quas
1302 4182 1409 4245 per
1436 4184 1678 4223 causam
1725 4164 1872 4225 belli
1917 4164 2194 4227 Parthici

288 4257 577 4321 abductas
600 4280 641 4321 a
662 4258 901 4321 Caesare
926 4257 1210 4333 diximus,
1243 4261 1371 4341 ipse
1394 4280 1531 4321 cum
1574 4259 1645 4321 L.
1677 4260 1950 4323 Domitio
1975 4264 2196 4323 consti-

708 4476 743 4522 6
774 4470 997 4523 &nutam
1014 4472 1209 4537 legitur
1237 4472 1289 4521 in
1312 4470 1435 4522 edd.
1458 4480 1581 4524 ante
1602 4472 1759 4523 Crev.

420 4584 595 4651 Daph.
608 4588 655 4636 ee
684 4584 803 4638 ναν.
824 4584 956 4637 σιω.
1272 4584 1461 4637 Livius.
1841 4574 1848 4581 '
2241 4594 2302 4649 ισ
2337 4590 2393 4641 K
