3300 5234
862 586 1065 637 mam
1114 588 1231 637 ον.
1277 586 1929 637 surrnnmnurun.
2307 570 2494 639 ⁶065
2561 630 2564 633 ,

258 730 407 791 Erat
438 730 597 791 enim
631 728 694 789 id
728 729 785 789 ei
816 728 1039 813 populo
1066 730 1385 809 ingenium,
1412 738 1481 791 ut
1507 730 1804 811 projectus
1827 728 1907 789 ad
1933 727 2154 790 auden·-

254 828 414 901 dum,
440 826 825 888 seditionibus
849 827 1141 887 continuis
1166 826 1245 887 ad
1275 827 1565 888 vilitatem
1588 826 1870 907 corporis,
1895 835 1961 887 et
1993 846 2156 908 sper-

254 926 445 987 nenda
470 926 739 1007 pericula
756 926 1073 997 exercitus,
1092 925 1241 985 nihil
1264 945 1381 985 non
1401 926 1786 1006 promtissime
1803 926 2156 1005 susciperet:

252 1022 403 1083 idem
446 1024 756 1083 mutabilis
792 1032 855 1083 et
881 1022 1103 1084 laboris
1128 1042 1422 1103 moraeque
1446 1023 1784 1105 impatiens,
1811 1024 1914 1083 ubi
1938 1022 2160 1103 primus

252 1122 506 1203 impetus
542 1121 955 1193 deferbuisset,
990 1120 1261 1201 qualibet
1298 1120 1637 1181 conditione
1673 1120 2000 1182 redimebat
2033 1130 2160 1181 tam
2459 1174 2466 1181 .

254 1229 609 1280 contemtam
646 1228 826 1281 antea
859 1240 1089 1300 pacem.
1172 1216 1448 1280 Narrant
1482 1219 1730 1280 eductas
1763 1238 1844 1281 ex
1881 1219 2026 1279 urbe
2053 1238 2158 1279 co·
2215 1230 2329 1282 Vsl.
2347 1230 2487 1279 Max.

254 1318 399 1397 pias,
426 1338 569 1379 eum
594 1316 757 1378 vallo
783 1326 845 1377 et
868 1316 1029 1377 fossa
1048 1317 1282 1395 cingere
1312 1324 1507 1377 castra
1529 1317 1903 1396 juberentur,
1928 1314 2160 1377 succla-
2183 1302 2486 1351 ¹¹·¹·⁶·⁶¹t·

254 1432 435 1475 masse
479 1416 804 1486 universas,
850 1424 919 1475 ut
964 1414 1029 1475 id
1074 1434 1225 1495 opus
1268 1416 1523 1495 pecunia
1559 1413 1804 1496 publica
1845 1414 2162 1477 locaretur.

256 1508 443 1589 Igitur
480 1519 548 1572 et
589 1510 1027 1573 Alexandriam
1066 1511 1385 1583 Gabinius,
1412 1519 1477 1571 et
1512 1520 1700 1572 totum
1743 1511 1990 1593 AEgypti
2031 1532 2164 1591 reg-
2219 1526 2400 1577 enain

254 1628 385 1667 num
427 1611 641 1690 paucis
683 1610 981 1670 mensibus
1024 1610 1207 1691 cepit,
1244 1629 1381 1669 cum
1420 1630 1697 1688 magnam
1735 1628 1934 1670 eorum
1974 1611 2158 1671 homi-
2183 1590 2454 1722 Ξιέμζιέι·

253 1726 383 1767 num
410 1707 852 1768 multitudinem
876 1728 1009 1769 cum
1040 1706 1345 1768 Archelao
1372 1728 1509 1787 rege
1528 1705 1860 1768 occidisset.
1928 1707 2162 1790 Corpus
2183 1721 2290 1773 Liv.
2314 1721 2446 1786 Epit.

252 1818 443 1865 tamen
481 1806 777 1866 Archelai
810 1807 1156 1887 requisitum
1192 1807 1271 1867 ab
1309 1805 1583 1867 Antonio
1616 1814 1858 1888 propter
1879 1806 1986 1885 jus
2024 1807 2158 1867 lios-
2181 1787 2484 1902 ffl‘l’ssffl

252 1903 396 1982 pitii,
422 1914 489 1965 et
514 1906 677 1985 regio
700 1914 895 1965 sumtu
924 1904 1258 1965 funeratum
1282 1912 1393 1964 est.
1452 1914 1461 1923 ’
2185 1932 2355 1982 xmp.
2371 1920 2488 1966 ⁶68.

324 2010 425 2061 44.
470 2002 655 2064 Libet
694 2002 1127 2063 Alexandrinae
1170 2002 1540 2074 temeritatis,
1576 2022 1713 2063 cum
1757 2002 1917 2065 soeda
1955 2022 2160 2084 super-
2183 1982 2359 2097 Ρὲῗζᾱ.
2377 2062 2415 2095 ¹·
2434 2062 2486 2113 P·

247 2098 477 2159 stitione
522 2102 659 2179 conj
668 2109 881 2171 unctae,
916 2099 1336 2160 documentum
1376 2100 1489 2161 hoc
1528 2108 1794 2183 tempore
1831 2099 2060 2161 editum
2101 2100 2162 2159 in
2183 2117 2268 2165 ⁶8.

250 2216 306 2253 re
330 2196 492 2256 haud
523 2196 665 2256 satis
690 2216 796 2277 per
820 2216 881 2256 se
908 2197 1298 2269 memorabili,
1326 2216 1644 2278 exponere.
1715 2196 2008 2258 Nondum
2033 2204 2166 2258 erat

248 2303 491 2365 certum,
510 2315 635 2375 quo
654 2295 851 2355 animo
871 2304 1221 2375 accepturus
1239 2295 1355 2356 ista
1376 2294 1630 2378 populus
1653 2294 1968 2356 Romanus
1985 2301 2162 2367 esset,

250 2408 351 2449 nec
387 2391 467 2450 ab
507 2400 721 2451 senatu
754 2392 979 2452 amicus
1006 2390 1203 2452 adhue
1229 2390 1569 2473 appellatus
1594 2390 1966 2453 Ptolemaeus
1989 2385 2166 2464 erat,¹¹

248 2506 375 2547 cum
418 2510 459 2549 a
502 2487 853 2549 Gabiniano
892 2488 1081 2549 milite
1119 2488 1273 2549 forte
1306 2488 1439 2549 felis
1464 2490 1664 2550 occisa
1687 2490 2029 2549 immensam
2055 2509 2166 2570 po-

247 2584 367 2664 puli
404 2586 651 2645 turbam
685 2586 963 2647 concivit.
1048 2583 1227 2645 Nihil
1264 2596 1389 2645 tum
1426 2594 1554 2645 erat
1588 2584 1951 2657 Ptolemaeo,
1985 2594 2166 2667 atque

248 2682 381 2763 ipsis
414 2684 603 2743 etiam
640 2681 1075 2743 Alexandrinis
1109 2682 1433 2762 antiquius,
1460 2702 1643 2763 quam
1675 2702 1750 2742 ne
1774 2676 1908 2762 quis
1934 2680 2164 2743 Roma-

248 2800 349 2839 nus
390 2780 831 2848 offendet-etun
890 2790 951 2841 et
1002 2779 1223 2840 animal
1272 2800 1389 2841 non
1432 2780 1741 2841 voluntate
1785 2777 2014 2853 militis,
2058 2781 2165 2842 sed

246 2896 376 2937 casu
424 2876 807 2938 interfectum
849 2896 975 2937 esse
1020 2878 1358 2939 constabat.
1456 2874 1750 2937 Attamen
1791 2896 1984 2957 neque
2031 2876 2166 2938 Ro-

248 2994 555 3036 manorum
588 2984 795 3047 terror,
824 2994 1019 3057 neque
1054 2974 1293 3054 hospitii
1328 2971 1721 3045 necessitudo,
1749 2994 1824 3033 ne
1847 2975 2007 3035 missi
2031 2974 2164 3058 qui·

246 3070 373 3132 dem
408 3095 447 3134 a
482 3072 723 3133 solicito
758 3092 893 3151 rege
930 3074 1305 3151 magistratus
1328 3092 1701 3153 compescere
1727 3072 2014 3153 populum
2055 3092 2166 3153 po-

246 3176 497 3240 tuerunt,
528 3171 843 3249 quominus
867 3188 905 3228 a
928 3168 1261 3229 furentibus
1284 3170 1460 3229 miser
1484 3168 1936 3251 discerperetur.

318 3273 415 3325 45.
460 3266 665 3327 Porro
712 3266 1103 3336 Ptolemaeus,
1150 3274 1497 3345 recuperato
1542 3286 1746 3345 regno,
1785 3274 1926 3326 ante
1965 3266 2166 3328 omnia
2185 3272 2304 3325 Dio.

246 3359 421 3422 filiam
466 3364 829 3434 Berenicen,
865 3361 1083 3423 deinde
1117 3362 1658 3443 splendidissimum
1697 3382 1990 3443 quemque
2023 3384 2162 3445 sup·
2185 3339 2494 3469 χῗῗζζοῆη

250 3456 419 3535 plieio
461 3460 707 3521 affecit:
748 3460 967 3521 multos
995 3481 1100 3541 per
1124 3460 1273 3519 iram
1298 3470 1363 3521 et
1386 3459 1623 3529 odium3
1669 3460 1978 3541 plerosque
2003 3460 2162 3524 divi·
2207 3470 2487 3535 Porphmp.

248 3555 451 3615 tiarum
484 3578 697 3630 causa,
726 3559 945 3638 quibus
978 3558 1057 3617 ad
1092 3557 1419 3619 mercedem
1458 3556 1728 3619 Gabinio
1762 3559 2158 3640 praestandam
2179 3534 2362 3650 {2¹3²
2383 3551 2436 3600 Ρ·
2551 3586 2558 3593 ·

248 3651 571 3732 indigebat.
664 3654 907 3715 Interea
944 3654 983 3713 J
990 3654 1195 3715 udaeus
1238 3654 1617 3727 Alexander,
1659 3664 2010 3737 recuperato
2049 3678 2156 3737 per
2178 3664 2297 3716 Dio.

246 3749 357 3808 vim
392 3751 763 3831 principatu,
790 3748 1088 3811 Romanis
1122 3760 1413 3835 quotquot
1446 3752 1701 3835 adipisci
1738 3761 2012 3834 potuerat
2047 3774 2148 3815 oc·
2173 3730 2374 3798 ³⁰⁸‘Ph

301 3932 325 3965 ‘¹
357 3934 460 3983 Nee
492 3934 561 3983 ab
589 3941 759 3986 senatu
792 3938 972 3989 amicus
1005 3938 1160 3988 adhuc
1230 3938 1488 3989 Diodorus
1504 3943 1593 3989 aut
1612 3936 1946 3990 sGabinisno
1967 3938 2156 4000 milite,

244 4000 525 4137 anem.
552 4000 1051 4121 Ρὲῑἐ”ττε..’.;ἕέ..
1073 4004 1161 4118 22:
1232 3992 2154 4129 22:¹:f333253ss02222⁶:553&

242 4141 343 4177 eins
380 4138 437 4179 et
470 4130 683 4181 amicus
724 4134 905 4197 populi
946 4134 1165 4184 Romanl
1234 4136 1551 4185 mentionem
1594 4133 1726 4185 facit
1759 4132 2026 4184 exercitus
2049 4134 2156 4183 Ro-

242 4196 535 4257 sppellstns
553 4200 909 4259 erat,con⁸ule
923 4200 1164 4249 Caesare:
1236 4202 1373 4251 mani
1400 4210 1523 4251 tunc
1541 4202 1591 4249 in
1611 4200 1844 4263 AEgypto
1869 4197 2156 4249 versantis:

242 4272 385 4321 snpra
420 4274 548 4311 civ.
578 4266 662 4313 ⁴1.
728 4264 885 4313 Unde
928 4266 1168 4329 sequitur
1237 4280 1354 4316 cum
1378 4266 1613 4317 studiose
1636 4266 1856 4328 colligat
1891 4278 1955 4314 es
1983 4264 2160 4314 omnia

242 4324 303 4371 sd
323 4328 593 4377 anteriora
624 4335 866 4391 tempora
902 4332 1167 4394 pertinere
1238 4346 1356 4394 quat.
1390 4330 1621 4382 furorem
1655 4331 1792 4381 hunc
1831 4328 2160 4395 Egyptian

244 4392 535 4456 exemplum
558 4394 657 4443 hoc
686 4392 900 4445 furioso
924 4394 1165 4459 AEgypti-
1240 4396 1408 4460 plebis
1453 4405 1600 4447 metu
1644 4394 1896 4447 coercere
1950 4394 2158 4445 debuis-

244 4468 379 4507 orum
411 4458 827 4523 superstitionis.
896 4461 1011 4512 Nec
1044 4476 1167 4513 vero
1238 4466 1373 4513 sent.
1411 4463 1557 4514 Creu.

376 4538 555 4605 Delpk.
577 4546 629 4592 et
657 4540 775 4593 Ver.
800 4542 933 4592 Clas.
1284 4542 1471 4596 Livius.
2225 4548 2284 4594 u
2317 4542 2363 4595 Ζ
