3300 5234
822 606 1033 658 unm
1082 607 1235 659 cvr.
1280 565 1934 661 surrnunswruu.
2313 596 2494 663 5098

252 752 385 813 thos
406 751 799 835 pugnantium
823 748 1114 812 caedebat.
1180 750 1365 813 Unde
1392 752 1573 833 plena
1594 754 1796 815 omnia
1817 760 2160 815 consterna·-

250 848 426 909 tiouis
448 854 515 907 et
538 844 861 907 tumultus:
903 854 969 907 et
990 848 1137 927 quia
1170 866 1329 929 saepe
1368 850 1862 911 convertebantur
1903 850 2160 923 ordines,
2238 858 2246 863 '

252 952 321 1005 ut
366 942 577 1024 aliqua
614 964 694 1004 ex
735 951 905 1025 parte
943 942 1166 1005 clamor
1204 944 1523 1021 acciderat,
1547 947 1722 1007 multi
1745 968 1809 1007 se
1835 946 2164 1009 induebant

252 1042 313 1103 in
354 1040 826 1103 commilitonum
870 1040 1137 1123 gladios:
1178 1044 1523 1122 praesertim,
1569 1046 1716 1125 quia
1753 1045 1816 1106 vi
1832 1048 1854 1083 ⁵
1881 1045 2162 1119 hostium,

253 1148 311 1201 et
334 1138 567 1200 vitandi
590 1138 839 1217 sagittas
864 1138 1085 1211 studio,
1111 1140 1307 1201 coacti
1344 1142 1406 1201 in
1443 1148 1670 1203 arctum
1693 1150 1884 1203 erant.
1967 1141 2162 1205 Susti-

254 1244 503 1298 nuerunt
555 1244 755 1297 tamen
799 1234 879 1295 ad
920 1244 1157 1297 noctem
1200 1256 1409 1317 usque,
1454 1257 1577 1318 qua
1624 1238 2160 1320 appropinquante,
2183 1248 2316 1299 Plut-

256 1334 473 1396 Parthi
495 1330 785 1394 caedendo
810 1331 949 1393 fessi
982 1352 1047 1393 se
1086 1342 1457 1415 receperunt,
1500 1344 1519 1371 ‘
1548 1333 1613 1395 id
1650 1334 1796 1397 dare
1840 1354 1906 1397 se
1939 1334 2162 1409 Crasso
2415 1326 2422 1335 ’

254 1440 485 1513 tempus
508 1429 591 1491 ad
614 1428 935 1509 lugendam
962 1426 1075 1489 filii
1100 1430 1383 1491 mortcm’
1418 1428 1786 1504 dictitantes,
1829 1440 1850 1471 ⁸
1879 1432 1996 1494 nisi
2024 1454 2160 1515 pos-

254 1527 423 1589 tridie
450 1547 633 1609 seque
656 1535 720 1589 et
742 1528 1068 1588 exereitum
1092 1526 1362 1603 infidem
1386 1526 1637 1590 Arsacis
1661 1528 1948 1591 dederet.’
2026 1531 2160 1591 Pa-

256 1626 429 1685 trium
454 1624 521 1685 id
556 1626 807 1687 Parthis
830 1624 967 1697 fuit,
1006 1634 1077 1687 ut
1112 1634 1318 1687 noctes
1354 1624 1563 1707 procul
1601 1626 1684 1687 ab
1719 1627 1986 1687 hostibus
2018 1646 2156 1707 age·
2217 1643 2318 1693 Dio
2337 1652 2387 1695 οι

258 1730 415 1783 rent:
460 1724 607 1803 quia
654 1742 849 1804 neque
889 1732 1089 1784 castra
1130 1726 1361 1785 munire
1400 1733 1844 1796 consueverant,
1894 1734 1960 1785 et
2009 1726 2162 1786 inter
2185 1708 2278 1759 ΡΜ
2279 1718 2318 1759 ²·

256 1820 528 1880 tenebras
576 1822 845 1903 equitum
890 1830 955 1882 et
1004 1822 1440 1953 sagittariorum
1488 1820 1684 1882 nullus
1737 1821 2164 1902 propemodum

260 1936 389 1977 mus
416 1928 530 1978 αἱ.

331 2022 434 2077 49.
452 2015 753 2095 Digressis
766 2016 1037 2089 Parthis,
1049 2015 1438 2077 miserabilior
1456 2014 1617 2097 apud
1636 2014 1968 2089 Romanos,
1981 2034 2164 2097 quam
2189 2023 2280 2074 Plu
2283 2030 2322 2075 t.

260 2112 405 2173 inter
432 2114 627 2195 ipsam
660 2133 919 2193 pugnam
958 2114 1153 2175 luctus
1189 2113 1325 2187 fuit,
1362 2113 1525 2195 quod
1560 2122 1626 2173 et
1665 2122 1974 2195 acceptam
1998 2112 2166 2174 cala.-

258 2210 523 2271 mitatem
544 2228 789 2271 noscere
814 2211 1093 2284 vacabat,
1118 2218 1183 2271 et
1202 2209 1645 2293 impendentem
1671 2210 1906 2272 deflere.
1985 2209 2165 2271 Cras-

260 2326 373 2379 sus,
398 2308 463 2367 in
486 2308 751 2368 tenebris
772 2307 1036 2383 abditus,
1062 2310 1169 2371 vix
1208 2329 1249 2369 a
1282 2308 1497 2388 legatis
1530 2308 1937 2389 tribunisque·
1919 2326 1980 2367 ιιι
2004 2306 2166 2387 prin-

260 2404 413 2484 cipia
430 2402 737 2465 adductus
756 2414 869 2467 est.
950 2404 1176 2486 Neque
1198 2404 1613 2477 dubitabatur,
1637 2404 1783 2485 quin
1807 2402 1988 2465 evadi
2013 2402 2164 2463 Car-
2199 2460 2217 2486 x

262 2500 391 2561 rhas
413 2509 736 2582 oporteret.
818 2499 1061 2563 Idcirco
1083 2500 1319 2563 silentio
1357 2500 1607 2563 eductus
1634 2500 1952 2572 exercitus,
1977 2518 2168 2579 quan-

260 2616 437 2677 qnam
460 2598 823 2678 sequebatur
844 2618 1043 2671 nemo,
1068 2598 1283 2679 saepius
1307 2605 1505 2658 tamen
1532 2597 1664 2657 aeie
1698 2596 1864 2659 facta
1882 2595 2168 2668 constitit,

263 2694 401 2773 quia
420 2695 615 2756 saucii
640 2704 703 2757 et
726 2696 891 2776 εει-ἱ,
920 2716 1059 2757 cum
1082 2716 1145 2756 se
1170 2694 1421 2776 relinqui
1460 2696 1764 2767 sentirent,
1806 2695 2000 2758 mixto
2039 2694 2174 2771 eju·-

264 2788 384 2850 latu
432 2812 511 2853 ac
550 2791 813 2855 clamore
860 2812 1143 2872 magnum
1192 2790 1519 2853 tumultum
1558 2794 1987 2853 excitaverant.
2085 2788 2172 2849 Et

264 2886 525 2967 quidam,
552 2896 623 2949 ut
644 2897 941 2971 poterant,
967 2906 1205 2950 suorum
1229 2889 1342 2949 iter
1364 2889 1918 2970 consequebantur:
1959 2886 2172 2973 hisque

264 2984 517 3045 vicissim
543 2994 651 3047 aut
670 2985 1045 3048 sustollendis
1060 2996 1167 3048 aut
1188 2985 1573 3068 deponendis,
1588 2986 1750 3047 lente
1763 2984 2128 3067 procedebat
2140 2980 2174 3030 ⁶

266 3098 507 3159 agmen:
552 3083 665 3143 nisi
702 3083 865 3164 quod
899 3102 1037 3144 cum
1079 3084 1345 3163 Egnatio
1376 3084 1611 3164 equites
1648 3083 1896 3144 trecenti
1931 3079 2170 3159 abrupti

268 3196 305 3236 a
324 3179 537 3239 ceteris
560 3188 734 3241 nocte
758 3181 1055 3241 concubia
1076 3186 1365 3240 venerunt
1387 3176 1670 3239 Carrhas.-
1738 3176 2046 3259 Coponius
2083 3174 2172 3234 ibi

270 3274 538 3354 praesidio
556 3274 840 3337 Romano
866 3284 1141 3358 praeerat,
1167 3277 1266 3337 cui
1285 3276 1579 3357 Egnatius
1602 3274 1862 3336 nuntiari
1879 3294 2018 3335 cum
2033 3276 2170 3354 jus-

274 3371 453 3443 sisset,
496 3382 518 3409 ‘
550 3373 773 3452 ing-euti
798 3374 1007 3455 praelio
1026 3394 1163 3435 eum
1189 3372 1437 3434 Parthis
1462 3381 1789 3454 pugnatum
1817 3372 1991 3444 esse,'
2018 3374 2168 3435 nihil

272 3466 421 3529 ultra
442 3480 731 3542 moratus,
751 3470 831 3531 ad
858 3472 1131 3550 Zeugma
1152 3490 1289 3532 cum
1312 3470 1433 3530 suis
1456 3470 1732 3551 pervenit
1754 3467 2086 3531 incolumis.
2155 3542 2163 3550 ,

346 3572 443 3627 50.
488 3566 797 3648 Coponius
830 3567 979 3627 nihil
1014 3587 1094 3627 ex
1118 3566 1213 3626 his
1248 3584 1383 3647 quae
1422 3564 1611 3626 allata
1632 3572 1805 3625 erant
1827 3562 1952 3624 laeti
1975 3568 2170 3647 suspi-

273 3670 453 3735 catus,
481 3672 677 3724 armat
704 3664 1009 3745 extemplo
1042 3662 1279 3735 milites,
1318 3671 1403 3735 et,
1442 3662 1756 3743 praemissis
1783 3660 2169 3742 exploratori-

274 3759 399 3832 bus,
422 3779 561 3821 cum
584 3761 787 3823 venire
813 3761 1093 3822 Crassum
1120 3758 1397 3831 audisset,
1430 3758 1686 3821 occurrit
1703 3759 1784 3831 ei,
1809 3757 2172 3843 deducitque

276 3856 334 3915 in
367 3858 597 3930 urbem,
638 3857 789 3917 nihil
824 3878 929 3939 per
960 3857 1237 3917 tenebras
1273 3856 1646 3918 moventibus
1680 3856 1952 3929 Parthis,
1979 3876 2170 3937 quan-

277 3972 447 4031 quam
464 3954 724 4015 bostium
754 3952 958 4033 fugam
994 3952 1327 4015 sensissent.
1408 3952 1507 4013 At
1528 3952 1635 4013 ubi
1659 3950 1906 4024 diluxit,
1932 3953 2172 4015 relictos

278 4048 333 4106 in
351 4051 577 4122 eastris,
618 4048 780 4111 haud
802 4050 1113 4131 pauciores
1142 4050 1409 4111 millibus
1438 4059 1714 4131 quatuor,
1742 4057 2040 4129 quotquot
2059 4070 2170 4112 sua

278 4163 447 4207 manu
482 4166 600 4209 non
641 4149 985 4211 invenerant
1006 4158 1278 4222 mortem,
1318 4146 1423 4230 qui
1456 4166 1734 4209 numerus
1769 4145 2004 4229 amplus
2029 4146 2184 4221 fuit..

744 4395 775 4439 ὅ
811 4390 874 4441 In
895 4404 991 4454 pro
1011 4392 1063 4441 ei
1082 4390 1359 4455 legebatur
1375 4396 1499 4441 ante
1524 4388 1683 4441 Crev.

738 4460 774 4505 ο
808 4456 1113 4507 &cedebat
1132 4456 1253 4510 edd.
1274 4464 1397 4508 aute
1418 4456 1589 4518 Cret..
