3300 5234
782 526 961 595 6292
1755 548 1826 597 τ.
1871 504 2100 599 mvn⁸

1109 700 1195 765 et,
1220 693 1350 775 ipso
1372 712 1509 755 cum
1537 690 1827 754 Numidis
1849 692 2190 775 effugiente,
2215 690 2392 754 Gelli
2409 691 2840 777 Germsniqne,
2875 713 3024 778 qnos

1112 789 1467 863 adduxerat,
1496 800 1631 873 post
1650 810 1846 852 acrem
1872 812 2132 873 pugnum
2157 790 2472 853 interfecti.

1190 894 1293 949 20.
1336 888 1507 949 Hinc
1548 890 1792 970 propius
1829 888 2114 970 oppidum
2152 908 2456 969 progresso
2482 887 2745 961 cmo,
2787 886 3017 971 Scipio,

1106 1005 1181 1046 ne
1221 986 1419 1047 locum
1460 994 1856 1068 opportunum
1893 988 2212 1057 amitteret,
2239 1006 2378 1045 cum
2412 986 2702 1045 instructo
2723 990 3014 1059 exercitu,

1105 1081 1550 1165 elephantisque
1576 1084 1637 1143 in
1665 1090 1916 1163 utroque
1939 1102 2122 1144 cornu
2149 1080 2384 1155 locetis,
2409 1082 2572 1143 haud
2597 1082 2804 1163 procul
2828 1082 3018 1145 Uzita

1103 1180 1389 1241 constitit.
1490 1180 1718 1251 Caesar,
1765 1179 1928 1260 quod
1975 1178 2160 1240 hostis
2205 1179 2346 1239 inde
2389 1198 2506 1240 non
2551 1176 3012 1258 digrediebatur,

1100 1278 1344 1338 minime
1369 1275 1858 1338 committendum
1891 1284 2075 1347 ratus,
2103 1285 2172 1336 ut
2207 1296 2347 1336 cum
2385 1274 2554 1336 fessis
2589 1274 2878 1337 militibus
2913 1296 3012 1337 eo-

1098 1372 1237 1435 dem
1263 1383 1529 1457 tempore
1547 1383 1612 1434 et
1626 1366 1956 1435 exercitum
1973 1373 2252 1444 hostium,
2269 1380 2333 1433 et
2349 1372 2636 1454 oppidum
2653 1392 2792 1433 cum
2809 1371 3009 1435 valido

1098 1468 1372 1551 praesidio
1396 1469 1804 1531 Numidarum
1827 1478 2220 1552 oppugnaret,
2246 1490 2385 1530 suos
2417 1471 2480 1529 in
2519 1478 2716 1531 cusum.
2751 1468 3009 1531 reduxit.

1097 1568 1195 1628 At
1220 1567 1559 1639 Considius,
1584 1568 1690 1647 qui
1716 1565 1986 1628 Acilium
2013 1568 2242 1647 magnis
2275 1568 2562 1649 operibus
2597 1569 3007 1648 oppugnabat,

1093 1667 1383 1745 equestris
1418 1664 1605 1746 praelii
1638 1666 1880 1743 cognito
1902 1674 2143 1736 eventu,
2168 1664 2440 1725 discessit
2477 1664 2762 1745 protinus,
2801 1674 2870 1725 et
2903 1686 3008 1747 per

1093 1781 1336 1840 reg-num
1360 1760 1400 1821 J
1404 1762 1538 1821 uboe
1564 1760 1874 1822 reductum
1896 1762 2224 1823 exercitum
2249 1780 2386 1821 cum
2415 1759 2698 1843 Scipione
2733 1762 3002 1843 partium,

1095 1856 1496 1919 Adrumetum
1521 1858 1718 1919 rediit.

1174 1962 1275 2017 21.
1318 1954 1486 2016 Inter
1509 1956 1639 2016 haec
1667 1964 1792 2017 tam
1817 1974 2101 2038 prospers,
2129 1955 2334 2018 caesar
2359 1963 2556 2016 tumen
2599 1955 2801 2036 parvis
2823 1955 3000 2017 detri-

1092 2054 1305 2113 mentis
1346 2053 1786 2135 ignominiaque
1827 2053 2207 2135 carpebatur,
2248 2053 2414 2135 quod
2459 2072 2538 2113 ex
2577 2052 2842 2114 secundo
2897 2074 3000 2114 suo

1092 2148 1389 2211 Siciliensi
1414 2160 1748 2211 commeatu
1775 2153 1946 2211 navis
1986 2170 2025 2210 ο,
2049 2150 2310 2229 Virgilio
2336 2150 2416 2211 ad
2454 2150 2760 2232 Thapsum
2799 2160 2998 2231 capta,

1088 2246 1349 2327 itemque
1374 2248 1499 2309 elia
1524 2248 1602 2308 nd
1632 2248 2007 2327 AEgimurum
2032 2267 2073 2307 a
2095 2246 2285 2309 classe
2310 2248 2395 2308 P.
2425 2247 2579 2308 Vari
2602 2257 2666 2308 et
2689 2246 2786 2309 M.
2813 2248 2999 2308 Octu-

1086 2343 1173 2405 vii
1196 2354 1451 2427 excepta
1476 2354 1585 2407 est.
1655 2345 1734 2407 In
1757 2346 1854 2406 his
1876 2343 2225 2427 deprehensi
2249 2344 2468 2406 milites
2491 2365 2628 2406 cum
2653 2343 2900 2405 adducti
2925 2344 3000 2405 ad

788 2444 853 2493 Su
854 2454 987 2498 eton.
1090 2437 1429 2524 Scipionem
1468 2452 1687 2516 essent,
1713 2452 1896 2523 utque
1932 2443 1984 2503 is
2006 2442 2193 2505 vitam
2229 2442 2585 2503 concederet
2609 2442 2722 2501 sub
2745 2440 2998 2502 conditi-

758 2509 883 2561 ⁶⁸³⁸·
908 2518 995 2565 ⁶⁸·
1082 2557 1219 2611 one,
1278 2540 1371 2599 ‘si
1420 2539 1676 2601 militare
1731 2538 2012 2601 adversus
2063 2540 2364 2601 Caesnrem
2414 2538 2682 2611 vellent?
2729 2540 2998 2601 centurio

788 2640 866 2688 Au
870 2649 938 2692 e.t
961 2642 1024 2691 de
1083 2632 1333 2713 legionis
1358 2652 1507 2697 xxv.
1538 2636 1742 2717 gratiis
1767 2637 1939 2709 actis,
1967 2636 2265 2697 recusavit
2293 2634 2672 2707 beneficium,
2695 2634 2996 2697 ferociter-

752 2702 817 2770 Β·
840 2706 948 2758 Afr.
1082 2754 1199 2813 que
1228 2733 1475 2813 adjecit,
1516 2744 1535 2772 ⁶
1558 2744 1626 2795 ut
1650 2734 1979 2813 intelligere
2005 2732 2212 2815 Scipio
2236 2741 2437 2814 posset
2451 2742 2658 2793 contre
2675 2752 2826 2813 quos
2843 2736 3000 2796 viros

1080 2830 1430 2911 suscepisset
1452 2830 1703 2902 bellum,
1731 2850 1794 2891 se
1829 2850 1965 2891 cum
1989 2829 2198 2891 decem
2221 2830 2518 2892 veteranis
2549 2830 2694 2901 suis,
2720 2848 2860 2889 cum
2895 2850 2994 2892 co-

1077 2925 1246 2986 horte
1271 2947 1451 3008 quam
1492 2926 1703 3009 Scipio
1740 2924 2058 3006 delegisset
2095 2946 2175 2987 ex
2213 2934 2343 2986 toto
2381 2926 2672 2997 exercitu,
2699 2936 2993 3007 pugnum-

1075 3024 1248 3084 rum.’
1330 3022 1433 3084 Ibi
1468 3022 1680 3106 Scipio
1715 3024 1976 3085 irritatus
2012 3024 2222 3084 annuit
2257 3023 2722 3096 centurionibus,
2749 3033 2819 3085 ut
2851 3044 2990 3086 con-

1073 3119 1271 3180 festim
1313 3120 1611 3180 hominem
1650 3118 2035 3182 trucidarent.
2120 3119 2457 3181 veteranos
2495 3128 2728 3201 captos,
2769 3121 2989 3183 nefario

1072 3216 1297 3278 scelere
1323 3219 1782 3289 contaminatos,
1809 3226 1876 3279 et
1896 3217 2197 3297 saginatos
2221 3218 2386 3279 caede
2411 3218 2987 3301 civium-increpans,

1072 3323 1247 3375 extra
1272 3314 1499 3374 vallum
1526 3334 1664 3375 cum
1690 3314 1956 3376 cruciatu
1983 3314 2180 3375 necari
2212 3314 2416 3395 jussit.
2495 3312 2747 3375 Tirones
2771 3314 2832 3374 in
2857 3336 2988 3376 suas

1070 3409 1334 3489 legiones
1374 3410 1715 3491 dispertitus
1757 3418 1867 3471 est.
1954 3409 2178 3471 Similis
2221 3410 2454 3471 animus
2491 3420 2860 3492 eventusque
2885 3431 2988 3493 per

782 3516 874 3565 Plu
880 3518 1046 3571 teu.
1074 3508 1313 3568 eosdem
1340 3508 1468 3568 dies
1492 3508 1786 3569 Petronio
1811 3508 2046 3569 Granio
2071 3507 2346 3588 quoestori
2371 3506 2678 3586 desig-nuto
2715 3507 2857 3580 fuit,
2883 3510 2985 3590 qui

744 3587 894 3633 ⁰⁰²⁸·
1068 3614 1134 3665 et
1174 3606 1298 3686 ipse
1340 3613 1520 3685 capta
1562 3605 1726 3676 navi,
1753 3604 2018 3665 oblatum
2059 3624 2100 3665 u
2137 3602 2414 3686 Scipione
2453 3604 2706 3664 salutem
2743 3606 2982 3686 respuit,

1072 3702 1533 3783 incumbensque
1561 3701 1850 3781 ςῙιΜΙὶο,ι
1873 3701 2060 3763 hnnc’
2101 3701 2188 3762 nit
2229 3699 2416 3762 ‘dure
2443 3700 2704 3763 Coesnris
2739 3702 2982 3775 milites,

1068 3818 1184 3858 non
1214 3800 1482 3879 accipere
1516 3797 1931 3859 consuevisse!

774 3894 928 3946 Auct.
948 3899 1009 3949 do
1148 3902 1250 3957 22.
1297 3897 1521 3969 Caesar,
1569 3896 1666 3956 his
1710 3894 1950 3967 auditis,
1997 3914 2100 3955 eos
2139 3900 2330 3976 quos⁴
2369 3894 2448 3957 ud
2494 3893 2802 3977 Thapsum
2844 3914 2976 3955 cum

738 3958 804 4009 B·
831 3963 942 4014 Μ’·
1070 3990 1260 4071 longis
1279 3994 1530 4054 navibus
1554 3992 1832 4074 praesidio
1855 4012 1982 4053 esse
2017 3993 2301 4052 onerariis
2329 3994 2614 4071 jusserat,
2642 3990 2980 4069 gravissimo

1070 4093 1373 4171 proposito
1434 4090 1656 4161 edicto,
1719 4108 1856 4150 cum
1917 4089 2240 4179 ignominis,
2295 4086 2678 4150 dimittendos
2735 4088 2976 4149 censuit.

1063 4344 1177 4457 Aa
1199 4341 1331 4398 Quos
1352 4354 1449 4407 pro
1485 4339 1694 4405 quibus
1679 4354 1734 4391 ιιι
1767 4337 1890 4392 edd·
1913 4352 2105 4407 praecc.
2138 4340 2347 4393 emend.
2369 4340 2531 4395 Crev.
2551 4354 2619 4393 ex
2641 4336 2805 4392 Auct.
2823 4336 2980 4390 den.
