3300 5234
778 552 957 619 5224

806 1208 915 1259 cie.
938 1208 1002 1257 ad

776 1272 880 1321 Au.
900 1288 977 1325 ιι.
996 1278 1047 1325 6.

766 1980 985 2044 Appiam.

768 2472 983 2540 Appi-n.

1761 574 1832 623 T.
1879 568 2074 623 mvn

1108 708 1269 791 apud
1296 709 1467 773 illum
1490 711 1674 773 etiam
1697 712 2016 775 cimicum
2053 714 2190 775 cani
2224 716 2488 796 juberet.
2573 715 2698 779 Sed
2723 728 2788 781 et
2811 736 3026 799 magua

1105 804 1223 868 fuit
1264 808 1327 867 in
1370 808 1621 869 consilio
1664 811 2089 881 controversia,
2125 812 2408 874 haberine
2445 815 2735 875 rationem
2771 818 3030 877 comitiis

1106 906 1393 984 praetoriis
1426 905 1497 967 L.
1548 906 1724 967 Hirri
1767 916 2084 989 oporteret,
2125 928 2302 989 quem
2341 909 2421 969 ad
2460 910 2728 972 Parthos
2763 912 3025 991 legatum

1109 1000 1439 1082 Pompeius
1462 1004 1702 1065 miserat
1731 1024 1748 1064 ε
1789 1024 1926 1065 cum
1951 1003 2132 1065 fidem
2159 1006 2218 1065 in
2259 1004 2322 1065 id
2364 1006 2697 1088 Pompeius
2727 1009 3026 1077 dedizuet3

1105 1100 1287 1157 ceteri
1328 1104 1613 1179 negarent
1650 1100 1712 1159 in
1753 1101 1880 1180 pari
1921 1098 2122 1161 labore
2161 1110 2228 1161 et
2263 1102 2526 1183 periculo
2547 1124 2736 1163 unum
2777 1114 3028 1186 antepo-

1102 1195 1361 1256 nendum
1404 1197 1677 1257 omnibus
1719 1217 1866 1257 esse.
1967 1197 2270 1259 Domitius
2309 1201 2490 1259 etiam
2539 1220 2782 1279 gravem
2829 1200 2914 1262 de
2959 1205 3030 1263 iis

1100 1292 1205 1373 qui
1230 1293 1291 1351 in
1321 1291 1511 1354 Italia
1532 1303 1936 1354 remanserant
1958 1294 2313 1355 sententiam
2333 1294 2532 1356 dixit:
2577 1306 2596 1333 ‘
2617 1297 2862 1377 placere
2891 1300 3028 1371 sibi,

1102 1395 1171 1447 ut
1206 1388 1283 1449 de
1318 1390 1569 1469 singulis
1606 1399 1790 1451 terne
1827 1390 2068 1451 tabelloe
2103 1390 2386 1451 darentur
2409 1393 2804 1464 senatoribus,
2833 1395 2944 1474 qui
2971 1397 3028 1455 in

1100 1484 1263 1546 bello
1302 1490 1491 1549 secuti
1534 1489 1898 1569 Pompeium
1929 1496 2144 1559 essent,
2179 1497 2250 1548 ut
2283 1488 2360 1548 de
2399 1488 2638 1549 illorum
2671 1510 2864 1549 musa
2887 1511 3027 1570 cog-

1100 1593 1427 1645 noscerent.
1514 1585 1718 1644 Unam
1744 1584 1872 1645 fore
1898 1583 2210 1655 tabellam,
2238 1604 2376 1664 quae
2401 1587 2562 1645 omni
2601 1586 2884 1667 periculo
2925 1589 3030 1648 ab·

1098 1679 1390 1751 solveret3
1436 1682 1712 1752 alteram,
1766 1701 1900 1762 quoe
1951 1700 2062 1762 pro
2110 1681 2276 1741 hoste
2329 1680 2670 1743 habendum
2715 1695 3032 1753 censerat,

1098 1777 1360 1848 tertiam,
1388 1798 1525 1858 quae
1552 1778 1962 1839 mulctandum
1989 1778 2285 1858 pecunia!

1178 1880 1281 1935 59.
1325 1874 1392 1935 Ν
1398 1875 1505 1935 ihil
1532 1878 1746 1935 horum
1773 1875 1960 1935 latere
1988 1874 2290 1935 Caesarem
2335 1883 2587 1955 poterat.
2677 1874 2908 1957 Itaque
2949 1878 3024 1936 si·

1097 1971 1220 2032 mul
1250 1972 1395 2033 satis
1420 1992 1497 2031 ex
1524 1973 1720 2053 priore
1745 1973 2218 2033 consternatione
2239 1990 2380 2031 suos
2405 1973 2694 2053 recepisse
2721 1974 2895 2033 visus
2917 1984 3026 2043 est,

1094 2088 1213 2129 non
1256 2069 1600 2141 absistebat,
1644 2071 1790 2149 quin
1831 2069 2022 2149 copiis
2061 2067 2332 2149 qnotidie
2373 2068 2676 2149 productis
2715 2069 3026 2149 pugnandi

1092 2166 1317 2227 faceret
1355 2176 1730 2247 potestatem.
1817 2166 2012 2246 quue
2055 2165 2208 2225 adeo
2247 2168 2398 2225 inter
2423 2167 2591 2226 initia
2615 2170 2858 2227 cautius
2881 2188 3020 2245 ege-

1092 2274 1221 2324 rat:
1264 2262 1477 2323 deinde
1518 2260 1902 2325 confirmatus
1951 2281 2024 2321 co
2072 2260 2233 2342 quod
2286 2262 2616 2343 Pompeius
2661 2284 2802 2323 suos
2859 2264 3018 2323 intra

1094 2360 1446 2421 munitiones
1488 2360 1754 2430 tenebat,
1801 2358 2032 2437 longius
2073 2378 2114 2417 a
2155 2359 2276 2417 suis
2317 2360 2527 2419 castris
2571 2359 2632 2417 in
2679 2358 2820 2417 loca
2863 2359 3020 2419 hosti

1094 2458 1357 2537 nquiora
1398 2456 1870 2536 degi-odiebatur.
1953 2454 2052 2515 Ea
2093 2475 2332 2535 quoque
2371 2476 2464 2515 res
2503 2454 2782 2516 accendit
2823 2454 3022 2516 Pom·

1094 2554 1435 2633 peianorum
1462 2552 1710 2624 animos,
1739 2553 1844 2633 qui
1871 2550 2052 2611 ferme
2077 2570 2304 2622 omncs,
2331 2570 2676 2632 quanquam
2713 2549 2874 2611 alius
2899 2552 3022 2611 alia

1092 2649 1169 2709 de
1194 2670 1400 2721 causa,
1430 2652 1829 2713 contationem
1871 2648 2140 2709 oderant.
2225 2648 2320 2709 At
2360 2649 2690 2729 Pompeius
2729 2648 2848 2709 hoc
2893 2650 3020 2729 ipso
3051 2650 3064 2663 ‘

1092 2756 1435 2827 argumento
1476 2746 1890 2808 abstinendum
1937 2745 2140 2831 prelio
2180 2744 2528 2817 disserebat,
2555 2743 2718 2825 quod
2758 2765 3018 2825 appare-

1090 2856 1203 2914 ret,
1233 2845 1293 2905 id
1320 2864 1688 2925 summopere
1715 2842 2040 2912 Caesarem,
2068 2850 2352 2921 tanquam
2379 2843 2494 2901 sibi
2519 2841 2780 2901 maxime
2807 2860 3016 2901 neces·

760 2938 1067 3009 Pluoeomp.
1088 2942 1331 3013 sarium,
1358 2950 1660 3021 expetere.
1745 2938 2088 3009 Postremo,
2113 2958 2250 2997 cum
2289 2958 2482 3017 neque
2509 2938 2745 2997 vincere
2771 2956 3014 2995 suorum

793 3368 979 3419 Lucan.

762 3448 861 3481 vn.
876 3438 960 3485 46.
977 3442 1031 3483 et

1088 3038 1335 3109 animos,
1364 3056 1557 3118 neque
1582 3036 1734 3097 serre
1759 3033 2044 3097 invidiam
2073 3044 2300 3115 posset:
2343 3038 2587 3116 abjecto
2609 3032 2838 3093 salubri
2867 3054 3012 3095 con-

1086 3132 1243 3204 silio,
1272 3133 1352 3193 ad
1376 3154 1637 3223 pugnam
1663 3154 1730 3195 se
1753 3152 1968 3214 parare
1991 3132 2193 3210 coepit.

1166 3238 1267 3291 6⁰.
1312 3230 1517 3293 Multa
1541 3241 1669 3291 tum
1711 3236 2134 3291 concurrerunt
2175 3225 2582 3296 incitamenta,
2621 3235 2692 3287 ut
2729 3248 3012 3307 magnam

1084 3346 1288 3387 omnes
1310 3328 1574 3388 victoriae
1598 3346 1766 3408 spem
1791 3328 2188 3407 conciperent.
2276 3320 2532 3382 Fiducia
2565 3323 2628 3382 in
2669 3325 2922 3395 viribus,
2951 3326 3012 3384 in

1086 3424 1459 3503 imperatore,
1496 3426 1557 3484 in
1602 3442 1828 3485 causa:
1869 3431 2158 3504 preterea
2195 3438 2288 3478 res
2321 3417 2458 3478 duae
2497 3438 2666 3479 novae
2701 3422 3010 3501 quantivis

1084 3520 1287 3598 utique
1338 3522 1619 3581 momenti
1645 3540 1664 3579 ε
1721 3538 1862 3590 una,
1907 3517 2070 3598 quod
2137 3514 2470 3595 Pompeius
2519 3514 3006 3589 confirmaverat,

1082 3616 1427 3698 priusquam
1466 3615 1591 3677 fere
1633 3614 1712 3676 ad
1751 3634 1961 3675 manus
1997 3612 2342 3680 veniretur,⁵
2385 3615 2710 3671 exercitum
2743 3608 3009 3673 Caesaris

1082 3712 1141 3771 in
1184 3711 1329 3790 fuga
1364 3710 1515 3783 fore,
1542 3720 1856 3792 propterea
1881 3708 2044 3790 quod
2069 3708 2322 3788 equites,
2349 3727 2596 3786 quorum
2621 3707 3006 3769 multitudine

1084 3808 1451 3880 abundabat,
1492 3810 1609 3868 sibi
1656 3808 2036 3887 recepissent,
2083 3826 2148 3865 se
2193 3804 2470 3863 dextrum
2513 3802 2776 3865 Caesaris
2815 3826 3001 3869 cornu

1083 3906 1283 3964 statim
1310 3905 1477 3965 initio
1504 3923 1720 3985 pugnae
1743 3902 2206 3964 circumdaturos
2245 3914 2428 3981 atque
2456 3900 2796 3961 turbaturos
2833 3922 3002 3963 ese:

1084 3998 1293 4073 altera,
1334 4000 1496 4081 quod
1550 4000 1870 4072 Labienus,
1915 3986 2318 4059 demonstrato
2369 4006 2688 4077 presentes
2739 3997 3000 4059 Caesaris

1082 4098 1287 4177 copias
1322 4118 1593 4177 magnam
1630 4105 1860 4179 partem
1897 4115 1977 4155 ex
2013 4094 2148 4155 aliis
2180 4091 2470 4153 militibus
2491 4103 2788 4167 constare,
2813 4114 2996 4174 quam

1080 4188 1185 4273 q‘ui
1214 4194 1451 4255 Gallias
1486 4196 1874 4274 subegissent,
1901 4194 1964 4253 in
1989 4198 2176 4273 caput
2214 4209 2382 4250 suum
2423 4200 2738 4253 execratus
2775 4190 2992 4265 fuerat,

1630 4406 1667 4451 ⁸
1713 4400 1966 4453 Vidmm
1983 4398 2104 4453 cdd.
2123 4405 2245 4451 aute
2265 4397 2422 4449 θεον.
