3300 5234
908 508 1119 561 unm
1170 510 1356 561 CXV.
1402 510 1752 561 sunum
1765 512 2054 563 ENTUM.

366 671 547 731 quam
590 661 779 714 rector
814 662 995 734 atque
1032 656 1305 737 princeps
1352 655 1557 717 audire
1598 655 1822 718 malim.
1911 654 2274 718 Consulatus

364 760 427 810 et
464 750 789 812 dictaturas
820 771 973 832 quas
986 754 1017 785 ²
1054 752 1329 825 dedistis,
1369 753 1450 814 ad
1490 752 1747 815 salutem
1785 753 2112 826 hominum,
2153 756 2290 815 non'

362 846 443 907 ad
484 850 805 929 perniciem
842 848 1043 910 valere
1078 849 1238 912 volo.

444 952 507 1007 8.
546 956 567 983 ⁸
592 945 805 1027 Hujus
824 946 1237 1009 destinationis
1270 946 1561 1031 spondere
1598 946 1778 1010 fidem
1820 958 2105 1031 perpetua
2137 968 2274 1011 mea

358 1042 727 1104 consuetudo
750 1042 951 1105 debet.
1038 1044 1167 1112 Qui
1186 1046 1345 1106 enim
1370 1044 1613 1107 credere
1644 1046 1916 1127 poteritis
1942 1045 2272 1127 periculum

364 1158 403 1199 a
436 1158 532 1199 me
554 1140 851 1219 'cuiquam
888 1140 1189 1201 innocenti
1210 1140 1357 1214 fore,
1385 1162 1563 1223 quem
1588 1142 1756 1204 scitis
1774 1142 2006 1203 veniam
2035 1140 2271 1203 dedisse

360 1254 613 1317 semper,
652 1256 693 1297 a
731 1236 949 1318 quibus
990 1237 1363 1299 infestissime
1404 1237 1631 1299 fueram
1669 1247 2078 1319 oppugnatus:
2123 1258 2270 1299 non-

360 1330 541 1393 nullis
564 1341 627 1394 et
650 1334 911 1395 iterato?
972 1334 1109 1396 Aut
1138 1336 1435 1416 quomodo
1460 1334 1796 1415 indulgebit
1818 1336 2269 1418 suspicionibus,

360 1429 465 1508 qni
486 1440 749 1511 repertas
778 1430 936 1511 apud
970 1431 1353 1515 Pompeium,
1382 1432 1541 1514 apud
1579 1432 1926 1515 Scipionem
1951 1432 2156 1495 literas
2179 1434 2268 1494 in-

361 1526 679 1607 trospicere
720 1526 933 1599 noluit,
975 1538 1041 1590 et
1076 1530 1136 1589 in
1179 1531 1375 1609 ignem
1416 1530 1700 1609 conjecit,
1727 1537 1795 1589 ut
1825 1548 1974 1609 quos
2017 1551 2056 1589 a
2095 1550 2272 1612 poena

348 1626 485 1704 jam
526 1624 887 1697 absolverat,
919 1626 1101 1687 etiam
1137 1646 1176 1687 a
1210 1635 1373 1688 metu
1420 1628 1581 1688 omni
1622 1626 1949 1687 liberaret?
2047 1625 2268 1708 Igitur,

359 1720 555 1801 posita
598 1720 781 1781 semel
822 1742 994 1795 cura,
1034 1734 1097 1784 et
1138 1724 1565 1805 praeteritorum
1606 1724 1926 1785 obliterata.
1959 1726 2268 1798 memoria,

358 1824 643 1898 tanquam
670 1836 875 1879 recens
898 1821 959 1879 in
984 1820 1251 1900 ejusdem
1270 1820 1611 1902 reipublicae
1638 1821 1984 1881 societatem
2011 1822 2268 1883 veniae-

360 1934 513 1987 mus,
556 1915 883 1977 benevolos
922 1919 1263 1999 amicosque
1304 1918 1622 1979 afferamus
1665 1919 1914 1991 animos,
1961 1927 2033 1979 ut
2063 1928 2126 1979 et
2161 1940 2270 1980 vos

356 2030 619 2073 meorum
686 2012 965 2075 laborum·
1006 2014 1265 2077 fructum
1328 2017 1694 2097 percipiatis,
1747 2025 2054 2097 paternam
2095 2016 2271 2076 rebus

354 2108 568 2169 vestris
594 2110 921 2171 adhibituri
944 2130 1186 2182 curamz
1232 2120 1293 2173 et
1316 2132 1431 2191 ego
1452 2120 1649 2173 vestra
1682 2114 2093 2194 prosperitate,
2133 2122 2266 2173 tan·

358 2224 539 2285 quam
566 2205 705 2266 boni
732 2216 1003 2288 parentes
1032 2207 1345 2269 liberorum
1373 2208 1649 2269 secundis
1674 2211 1871 2280 rebus,
1899 2207 2210 2288 gaudeam.

438 2310 503 2366 9.
548 2312 566 2339 ⁶
600 2302 761 2365 Sane
802 2305 951 2365 nihil
988 2314 1113 2366 tam
1156 2307 1215 2365 in
1243 2307 1399 2366 votis
1426 2306 1643 2377 habeo,
1671 2319 1854 2386 quam·
1879 2308 1966 2366 uti
1991 2326 2194 2366 omnes
2227 2326 2268 2367 a

354 2398 593 2461 delictis
630 2402 1015 2482 temperando
1050 2402 1354 2463 lenitatem
1384 2422 1581 2463 meam
1620 2403 1734 2462 sibi
1762 2404 2056 2483 propriam
2082 2411 2266 2482 atque

356 2507 703 2578 perpetuam
745 2518 871 2559 esse
914 2500 1249 2581 patiantur:
1292 2498 1341 2559 si
1385 2506 1583 2559 tamen
1610 2497 1846 2579 aliquid
1871 2498 2023 2559 forte
2051 2508 2264 2580 peccai

354 2600 485 2653 trun
510 2596 647 2663 erit,
672 2596 936 2657 homines
968 2616 1077 2657 nos
1110 2614 1237 2657 esse
1267 2597 1606 2657 meminero.
1692 2596 1777 2656 Et
1798 2596 2002 2657 virtuti
2026 2588 2266 2676 quidem

353 2698 636 2771 recteque
676 2690 853 2753 factis
892 2712 1119 2774 semper
1158 2700 1331 2753 erunt
1380 2692 1539 2774 apud
1586 2712 1680 2753 me
1727 2700 1938 2773 parata
1983 2692 2264 2773 praemia:

354 2795 637 2860 errantes,
662 2808 845 2870 quam
870 2790 1331 2851 mansuetissime
1367 2790 1605 2870 poterit,
1634 2789 1714 2849 ad
1739 2787 2000 2851 officium
2021 2808 2268 2851 revoca-

356 2882 595 2945 buntur.
661 2884 887 2966 Neque
914 2885 1133 2947 milites
1156 2905 1317 2947 meos
1352 2886 1682 2946 timueritis.
1753 2884 2100 2945 Communis
2121 2885 2270 2947 mihi

356 2988 541 3061 atque
580 2981 751 3043 vobis
790 2982 1019 3064 imperii
1055 2982 1332 3043 custodes
1370 2992 1525 3057 sunt,
1567 2981 1884 3063 alendique
1927 2982 2147 3042 multas
2185 2983 2268 3043 ob

354 3096 569 3138 causas
594 3081 939 3141 necessario.
1002 3078 1147 3140 'Sed
1172 3100 1371 3160 neque
1388 3088 1595 3141 contra
1614 3100 1722 3140 vos
1744 3078 1999 3151 alentur,
2025 3086 2090 3139 et
2121 3090 2268 3140 con-

354 3176 509 3236 tenti
530 3175 625 3235 his
646 3194 785 3257 quae
822 3174 1129 3250 dederitis,
1172 3196 1371 3239 amare
1409 3177 1639 3237 discent
1677 3198 1782 3237 eos
1805 3196 1844 3237 a
1867 3177 2084 3258 quibus
2109 3178 2268 3239 aoei-

353 3272 541 3353 pient.
600 3272 759 3335 Sane
784 3276 1055 3357 pecuniae
1082 3274 1216 3358 plus
1238 3274 1415 3336 solito
1431 3276 1700 3355 exegisse
1725 3273 1956 3335 fateor:
1995 3272 2102 3335 sed
2125 3274 2266 3347 boc,

354 3388 539 3449 quam
562 3370 869 3433 seditiosos
890 3372 1109 3433 habere
1136 3373 1376 3445 milites,
1405 3373 1746 3455 prmstabat,
1767 3380 1830 3433 et
1853 3371 1972 3433 levi
1997 3370 2266 3453 profecto

350 3466 621 3549 impensa
642 3468 971 3531 redemtum
998 3479 1112 3544 est,
1136 3470 1423 3551 quicquid
1452 3490 1702 3553 peccare
1739 3470 1966 3531 conscii
2001 3470 2266 3531 victoriae

351 3563 675 3636 exercitus,
702 3567 905 3648 inopia
924 3575 987 3627 et
1010 3568 1361 3628 necessitate
1386 3566 1625 3637 irritati,
1653 3566 2000 3647 potuissent.

442 3666 539 3720 10.
600 3672 619 3698 ⁶
672 3662 830 3723 Mihi
874 3661 1023 3723 nihil
1076 3682 1151 3722 ea
1204 3662 1515 3742 diligentia
1557 3664 1873 3744 quaesitum
1917 3670 2046 3721 est:
2119 3663 2266 3743 quin

349 3776 530 3818 omne
568 3760 983 3839 patrimonium
1020 3760 1271 3821 effusum
1311 3780 1419 3840 pro
1454 3758 1786 3841 republica,
1811 3769 1874 3819 et
1912 3757 2132 3837 grande
2173 3759 2266 3818 in-

349 3872 528 3936 super
564 3874 647 3916 aes
682 3856 941 3919 alienum
974 3865 1369 3919 contractum.
1451 3854 1598 3927 Sed,
1622 3853 2122 3936 quemadmodum
2147 3855 2264 3936 ipsi

352 3952 587 4033 liquido
626 3953 885 4027 cernitis,
932 3976 1069 4036 pars
1118 3955 1181 4014 in
1211 3963 1439 4015 sumtus
1480 3951 1773 4013 bellorum
1817 3961 2084 4029 erogata,
2123 3951 2262 4013 reli-

350 4068 538 4130 quum
582 4050 663 4111 ad
710 4071 819 4113 vos
867 4061 1227 4134 reportatum
1274 4060 1399 4112 est:
1458 4058 1527 4110 ut
1573 4047 1655 4109 ad
1699 4068 1809 4109 vos
1853 4048 2041 4109 omnis
2089 4047 2268 4127 hnjus

348 4146 673 4227 opulentia:
712 4148 963 4222 fructus,
1020 4148 1101 4210 ad
1156 4169 1251 4210 me
1294 4146 1485 4207 solum
1529 4145 1808 4225 exigendi
1853 4142 2147 4207 acerbitas
2201 4153 2268 4205 et

418 4304 450 4351 Ξ
486 4300 761 4353 Dictum-a
780 4318 897 4369 qaus
916 4304 1057 4357 cler.
1095 4304 1351 4355 dictatura
1370 4317 1485 4369 qnos
1508 4302 1726 4368 reliqua
1749 4300 1868 4353 edd.
1889 4307 2011 4351 ante
2036 4301 2193 4353 Crev.

2419 494 2600 561 5313
