3300 5234
778 545 959 616 5116

780 920 994 987 Appian.

810 1110 1013 1160 Sueton-

777 1174 905 1246 (ἕως.
927 1192 973 1226 c.
994 1181 1077 1228 2⁷.

774 1303 991 1369 Appian-

774 1399 908 1454 Plut.

771 2063 884 2115 Liv.
905 2065 1043 2132 Epit.

807 2129 1007 2182 Sueton-

770 2193 901 2244 ΟΜ.
921 2213 968 2246 c.
988 2201 1077 2248 28:

771 2258 820 2306 A
860 2260 991 2322 pian-

844 2323 907 2374 ic.
928 2328 991 2376 ad

766 2387 874 2437 Att.
896 2406 995 2441 νει.
1012 2397 1060 2444 1.

1751 567 1823 616 '1'-
1871 567 2061 619 mvn

1108 689 1459 793 Pompeius,
1486 731 1621 792 quae
1644 713 1918 793 optabat,
1941 713 2216 774 sumebat
2235 732 2252 783 ς
2281 731 2476 794 neque
2499 709 2551 748 ¹⁴
2577 711 2782 773 Coesar
2803 711 3018 778 deerat

1104 807 1243 879 sibi,
1270 810 1583 888 quominus
1604 829 1782 890 opum
1801 829 2038 870 snamm
2065 809 2362 870 securitati
2385 810 2769 891 prospiceret.

1187 913 1290 968 49.
1334 907 1461 974 Qui
1501 927 1688 987 nuper
1727 915 1898 966 erant
1941 907 2223 987 Pompeii
2261 906 2490 985 legibus
2533 905 2822 978 damnati,
2871 929 3010 971 cum

1104 1003 1353 1064 exulare
1378 1011 1748 1082 cogerentur,
1777 1003 1858 1063 ad
1894 1003 2196 1064 Caesarem
2229 1003 2655 1082 confugerant3
2699 1004 3011 1085 ipsumque

1104 1101 1227 1180 peti
1251 1101 1459 1162 iisdem
1486 1100 1604 1162 illis
1632 1101 1871 1163 casibus
1895 1101 2296 1162 inculcabant.
2382 1101 2610 1172 Cesar,
2641 1102 2728 1160 uti
2751 1101 3008 1173 solebat,

1103 1198 1344 1258 illorum
1369 1197 1680 1260 voluntate
1715 1199 1946 1278 magnis
1979 1199 2297 1276 congiariis
2331 1207 2662 1269 auctorata,
2699 1196 2776 1258 de
2812 1197 3006 1259 Pom÷

1104 1297 1239 1378 peio
1276 1295 1519 1378 quidem
1554 1295 1872 1357 honorifice
1915 1296 2303 1376 loquebatur:
2343 1305 2604 1356 ceterum
2641 1315 2744 1376 per
2783 1296 3008 1358 amieo·

1100 1413 1241 1454 cum
1266 1395 1516 1454 tribunis
1542 1393 1734 1474 plebis
1757 1395 1996 1474 agebat,
2024 1403 2042 1430 ‘
2073 1401 2142 1452 ut
2167 1393 2397 1454 absenti
2419 1395 2536 1454 sibi
2563 1401 2764 1473 petere
2787 1413 3004 1454 consu-

1100 1489 1289 1550 latum
1316 1491 1561 1552 liceret.’
1644 1491 1722 1551 Iu
1757 1510 1832 1552 ea
1857 1500 1986 1552 tota
2023 1511 2206 1550 causa
2241 1491 2424 1550 talem
2452 1511 2514 1550 se
2543 1490 2876 1572 Pompeius
2899 1511 3004 1570 ge-

1098 1589 1291 1659 rebat,
1334 1597 1403 1649 ut
1442 1588 1721 1649 simulare
1765 1589 1956 1668 magis
1992 1588 2316 1648 amicitiam
2355 1607 2494 1648 cum
2532 1586 2794 1659 Caesare,
2819 1607 3004 1668 quam

1100 1693 1377 1765 praetere
1402 1685 1718 1747 videretur.
1778 1684 1948 1746 Nam
1975 1687 2036 1746 in
2059 1693 2290 1756 senatu,
2315 1703 2454 1744 cum
2475 1683 2569 1743 M.
2586 1683 2766 1753 Cato,
2792 1703 3002 1764 perpe-

1098 1791 1237 1843 tuus
1263 1781 1461 1862 legum
1486 1782 1780 1853 defensor,
1800 1784 2000 1845 venire
2021 1782 2322 1843 Caesarem
2347 1781 2426 1842 ad
2451 1781 2698 1842 comitia
2712 1781 2958 1860 juberet
2975 1805 2999 1852 ;

1098 1879 1311 1939 restitit
1346 1878 1670 1960 aliquando
1707 1880 2057 1960 Pompeius,
2097 1879 2420 1958 amicisque
2462 1876 2738 1948 Caesaris,
2777 1878 3005 1940 eximia

1097 1975 1213 2036 viri
1234 1975 1443 2036 merita
1460 1977 1676 2058 respici
1695 1977 2020 2048 orantibus,
2043 1975 2310 2036 assensit.
2353 1973 2499 2045 Sed,
2527 1975 2720 2034 acrius
2743 1974 3000 2036 instante

1101 2070 1357 2143 Catone,
1385 2081 1670 2153 tanquam
1697 2072 2054 2153 argumentis
2085 2072 2302 2141 victus,
2329 2071 2635 2131 conticuit.
2715 2069 3004 2132 obtinuit

1097 2175 1296 2228 tamen
1325 2168 1527 2229 Caesar
1552 2170 1715 2250 quod
1739 2171 2017 2250 petierat,
2043 2169 2194 2228 inter
2227 2175 2456 2228 ceteros
2490 2165 2780 2226 Cicerone
2817 2167 2999 2248 adju·

1093 2273 1297 2337 vante,
1324 2267 1429 2346 qui
1458 2265 1551 2326 M.
1582 2265 1840 2326 Coelium
1867 2265 1924 2324 ei
1943 2265 2240 2344 adjunxit,
2261 2263 2558 2324 tribunum
2582 2262 2792 2343 plebis,
2811 2264 3000 2325 etiam

1098 2380 1137 2421 a
1162 2361 1459 2444 Pompeio
1484 2371 1744 2441 rogatus.
1831 2361 2026 2441 Igitur
2063 2381 2136 2421 ea
2172 2360 2250 2420 de
2293 2380 2356 2420 re
2399 2358 2478 2419 ad
2517 2359 2802 2440 populum
2827 2379 2868 2420 a
2889 2359 2997 2420 de-

1094 2477 1227 2518 cem
1250 2461 1501 2520 tribunis
1526 2459 1720 2540 plebis
1745 2457 2113 2518 concorditer
2145 2456 2332 2516 latum
2363 2463 2470 2515 est.

1176 2561 1276 2616 50.
1320 2554 1477 2616 Cum
1503 2556 1588 2616 ita
1610 2555 1926 2615 crebritate
1938 2553 2300 2634 judiciorum
2325 2561 2390 2612 et
2411 2553 2582 2613 novis
2609 2551 2840 2630 legibus
2863 2571 2994 2614 om·-

1094 2650 1196 2711 nia
1226 2659 1570 2734 streperent,
1616 2653 1704 2720 Q.
1753 2651 1956 2732 Scipio
1999 2650 2206 2710 consul
2241 2650 2568 2710 censoriam
2609 2657 2993 2730 potestatem,
3099 2717 3108 2724 ,

1092 2748 1381 2826 abrogata
1418 2748 1640 2810 Clodia
1675 2748 1830 2827 lege,
1873 2748 2147 2820 restituit,
2187 2746 2346 2807 haud
2379 2767 2595 2825 magna
2621 2746 2880 2806 utilitate
2903 2749 2996 2808 cia

1093 2843 1316 2920 vitatis.
1400 2843 1569 2911 Quia
1606 2846 1762 2906 enim
1805 2845 2092 2926 proximis
2127 2844 2315 2915 annis,
2343 2843 2580 2904 sublata
2615 2842 2990 2904 animadver-

1092 2938 1257 2998 sione
1282 2940 1572 3010 censoria‚
1598 2940 1769 3000 multi
1795 2951 1859 3000 et
1897 2941 1956 3000 in
1983 2941 2278 3002 senatorio
2311 2949 2374 3000 et
2409 2940 2471 3000 in
2497 2940 2753 3018 equestri
2779 2939 2990 3000 ordine

1090 3033 1379 3096 maculosi
1402 3036 1668 3096 homines
1690 3039 2046 3109 manserant,
2073 3058 2223 3120 quos
2239 3036 2414 3098 simul
2436 3035 2676 3115 aggredi
2699 3035 2989 3116 periculo·
3009 3045 3028 3060 “

1048 3177 1059 3190 .
1086 3149 1245 3204 sum,
1272 3131 1601 3212 relinquere
1636 3141 1808 3214 turpe
1827 3144 1957 3195 erat
1983 3135 2282 3205 futurum3
2327 3143 2550 3215 quanto
2576 3133 2822 3213 quisque
2848 3153 2990 3214 pru-

798 3420 913 3474 Val.
933 3420 1071 3472 Max.

766 3501 846 3538 rx.
867 3491 915 3538 1.

710 4095 714 4100 ’
782 4125 984 4175 cada
1000 4127 1065 4182 Β.

760 4189 895 4244 Gau.
920 4206 1020 4243 vn.

1088 3228 1321 3291 deutior
1345 3231 1437 3292 vir
1461 3239 1612 3301 erat,
1640 3237 1810 3290 tanto
1833 3234 2022 3311 magis
2061 3255 2100 3294 a
2123 3233 2408 3314 petitione
2443 3230 2678 3292 honoris
2711 3233 2844 3310 ejus
2877 3232 2988 3292 ab·

1090 3326 1387 3390 horrebat.
1470 3327 1597 3388 Sed
1630 3337 1694 3388 et
1733 3337 1940 3390 auctor
1973 3330 2351 3392 restituendae
2385 3348 2647 3390 censurat
2675 3328 2813 3388 talis
2836 3338 2990 3402 erat,

1092 3437 1164 3487 ut
1182 3427 1290 3488 vix
1316 3425 1568 3486 existere
1594 3434 1793 3506 posset
1815 3424 1968 3486 alius
1991 3437 2136 3488 uota
2157 3427 2409 3508 dignior.
2493 3425 2623 3486 Sub
2647 3425 2804 3487 idem
2829 3415 2991 3490 enim

1092 3532 1323 3605 tempus
1359 3521 1438 3582 ad
1480 3520 1824 3598 Gemellum
1857 3522 2226 3584 tribunitium
2249 3525 2532 3586 viatorem
2561 3523 2621 3583 in
2647 3525 2989 3587 convivium.

1089 3619 1283 3690 venit,
1317 3639 1358 3679 a
1380 3639 1501 3698 quo
1539 3627 1603 3678 et
1624 3618 1841 3678 tribuni
1865 3617 2110 3696 quidam
2137 3619 2322 3696 (hand
2358 3619 2536 3681 dubie
2563 3619 2651 3679 illi
2677 3639 2826 3698 quos
2851 3618 2986 3680 Sci-

1090 3716 1257 3797 pioni
1290 3713 1506 3774 favisse
1542 3733 1722 3794 supra
1755 3713 2140 3796 ostendimus)
2187 3715 2418 3777 invitati
2451 3715 2702 3778 fuerant.
2787 3715 2869 3776 In
2907 3737 2986 3786 eo

1086 3813 1361 3876 convivio
1384 3811 1698 3874 Gemellus
1723 3809 1988 3892 Scipioni
2023 3820 2088 3872 et
2115 3812 2364 3872 tribunis
2385 3813 2538 3874 duas
2572 3813 2830 3874 illustres
2853 3834 2984 3876 ma·-

1086 3920 1285 3972 tronas
1309 3931 1348 3970 a
1380 3910 1647 3991 patribus
1671 3917 1736 3968 et
1757 3909 1900 3969 viris
1925 3907 2234 3980 abductas,
2261 3909 2516 3990 itemque
2541 3911 2806 3971 nobilem
2833 3933 2987 3993 pnes

1086 4029 1217 4073 rum
1242 4008 1361 4069 Cn.
1392 4007 1801 4076 Saturninum,
1827 4003 2050 4066 nefarie
2073 4007 2392 4087 prostituit.

1166 4111 1267 4166 51.
1310 4103 1551 4166 Interea
1577 4102 1806 4176 Caesar,
1831 4122 1968 4163 cum
1991 4110 2056 4163 et
2071 4111 2266 4164 motus
2287 4103 2540 4167 urbanos
2573 4103 2716 4164 satis
2739 4123 2818 4164 ex
2845 4123 2991 4174 sen-2

1236 4341 1298 4390 u
1330 4339 1401 4390 Et
1420 4341 1545 4390 aute
1564 4351 1710 4404 seque
1733 4337 1996 4391 invenitur
2017 4336 2072 4390 in
2091 4335 2214 4390 edd.
2238 4351 2378 4390 omn.
2399 4351 2558 4404 nsque
2581 4335 2648 4391 ad
2671 4335 2830 4396 (ἔων.
