3300 5234
804 642 809 649 ,
860 581 1071 631 mam
1121 581 1334 631 cxvi.
1382 582 2031 636 surrnnmmrum.
2375 566 2552 633 5349

400 733 505 787 w.
550 724 760 787 Inerat
784 744 925 785 sane
952 724 1179 786 Caesari
1206 728 1716 808 praestantissimus
1735 728 1916 787 animi
1941 726 2132 805 vigor,
2167 734 2230 786 et
2284 736 2414 787 Plin.
2435 752 2534 787 vu.

318 842 521 905 capax
546 823 831 894 omnium,
852 821 930 882 ad
954 842 1092 903 quae
1115 824 1377 904 aspirare
1404 824 1668 884 mortalis
1693 832 1868 886 natus
1887 825 2062 895 ausit,
2089 823 2227 883 sub-
2251 806 2334 853 ²⁵·

321 920 547 984 limitas
563 940 584 980 z
624 919 730 980 sed
767 918 1143 981 assuetudine
1168 929 1234 980 et
1246 920 1559 1001 voluptate
1574 920 1846 999 jucunda
1868 940 2049 1002 quam
2067 918 2228 981 salu·

323 1017 481 1077 taria
504 1016 787 1077 audiendi
833 1036 949 1075 non
974 1016 1230 1077 cessavit
1254 1038 1295 1077 a
1318 1036 1381 1076 se
1404 1015 1754 1088 desciscere,
1781 1017 1972 1078 donec
1999 1016 2078 1077 ad
2105 1025 2226 1077 sto-

323 1112 477 1185 lida,
522 1122 588 1173 et
632 1112 933 1194 pudenda,
990 1120 1053 1173 et
1096 1122 1450 1193 postremum
1496 1114 1752 1174 exitiosa
1802 1112 2225 1195 prolaberetur.

326 1208 527 1289 Igitur
550 1210 863 1291 propalam
904 1209 1125 1271 edebat
1148 1210 1325 1270 voces
1364 1210 1673 1271 insolentis
1713 1212 2062 1291 arrogantiae
2101 1210 2225 1292 ple·
2283 1218 2485 1267 Sueton.

323 1307 615 1379 nissimas,
658 1317 677 1345 ⁸
708 1305 885 1367 Nihil
913 1307 1168 1387 amplius
1200 1328 1325 1368 esse
1366 1308 1829 1389 rempublicam:
1871 1306 2227 1389 appellatio-
2253 1282 2379 1333 σε’·
2399 1287 2484 1333 ⁷⁷·

324 1422 463 1464 nem
490 1403 671 1465 modo
694 1406 822 1465 sine
840 1424 1089 1485 corpore
1126 1425 1201 1465 ac
1237 1406 1459 1487 specie.
1545 1405 1780 1487 Syllam
1820 1406 2070 1467 nescisse
2095 1406 2229 1467 lite-

320 1522 439 1570 ras,
491 1502 595 1581 qui
634 1501 993 1562 dictaturam
1024 1500 1395 1583 deposuerit.
1506 1502 1746 1563 Debere
1795 1502 2062 1562 homines
2096 1504 2229 1582 jam

322 1597 751 1660 consideratius
804 1618 1005 1659 secum
1058 1599 1247 1679 loqui,
1304 1608 1371 1659 et
1408 1620 1515 1681 pro
1552 1586 1784 1679 legib‘ns
1837 1599 2054 1660 habere
2093 1619 2227 1681 quae

324 1694 533 1755 dicat?

406 1796 509 1854 37.
552 1787 715 1849 Sane
756 1808 1000 1869 magnos
1040 1792 1099 1852 ei
1138 1792 1389 1853 honores
1412 1812 1450 1853 a
1472 1792 1765 1873 principio
1791 1800 2087 1873 quotquot
2121 1790 2228 1851 ad·
2254 1796 2371 1846 Dio.

322 1887 442 1949 huc
470 1894 671 1947 vetere
694 1889 863 1946 curia
896 1887 1063 1966 digni
1102 1890 1484 1970 superabant,
1524 1908 1645 1949 non
1683 1889 1975 1949 immerito
1999 1887 2228 1947 detule-

324 1991 481 2043 rant.
568 1982 691 2043 Sed
730 1982 833 2042 ubi
860 1983 992 2044 haec
1016 1984 1233 2065 cupide
1274 1986 1472 2066 recipi„
1501 1984 1867 2045 intellectum
1895 1992 2008 2055 est,
2029 1984 2228 2043 statim

324 2079 593 2160 prorupit
617 2079 991 2139 adulantium
1018 2082 1394 2161 protervitas,
1416 2090 1541 2158 tam
1568 2081 1957 2163 impudenter,
1987 2089 2056 2140 ut
2080 2080 2233 2139 inter

324 2174 453 2235 alia
492 2176 694 2257 turpia
716 2185 1025 2237 censerent
1050 2175 1316 2257 quidam,
1344 2178 1505 2258 quod
1532 2177 1916 2237 mulierosum
1953 2197 2080 2237 esse
2115 2176 2232 2236 sei·

324 2279 485 2344 rent,
528 2280 547 2309 ⁶
574 2282 642 2333 ut
678 2293 921 2345 uxores,
950 2273 1265 2335 liberorum
1292 2275 1744 2355 quaerendorum
1767 2294 1972 2345 causa,
1999 2294 2150 2353 quas
2171 2281 2236 2333 et
2287 2295 2492 2345 Sueton.

324 2378 477 2449 quot
497 2370 704 2441 vellet,
744 2370 961 2432 ducere
994 2371 1245 2433 liceret.'
1326 2370 1640 2453 Aiuntque
1668 2374 1783 2432 hoc
1821 2372 2000 2447 etiam
2027 2370 2233 2453 placu-
2257 2361 2386 2474 ἕξω·
2406 2366 2491 2411 ⁶⁰·

324 2469 443 2529 isse
486 2468 737 2541 Caesari,
788 2480 969 2551 atque
1017 2470 1313 2531 Helvium
1362 2470 1619 2532 Cinnam
1664 2470 1962 2551 plerisque
2003 2470 2236 2531 00an
2291 2440 2490 2539 ἐὲὲωῃ,

326 2586 483 2639 sum,
531 2567 805 2628 habuisse
845 2578 1116 2649 paratam
1166 2568 1381 2647 legem,
1408 2588 1591 2650 quam
1630 2588 1708 2628 ea
1735 2568 1814 2629 de
1859 2588 1924 2628 re
1963 2566 2128 2640 ferri,
2171 2588 2234 2628 se
2259 2554 2386 2605 0²⁸·
2405 2560 2490 2606 ⁵²·

326 2662 597 2734 absente,
625 2661 833 2723 Caesar
865 2666 1155 2745 jussisset.
1238 2665 1497 2745 Jamque
1518 2686 1593 2725 eo
1617 2672 1966 2746 perventum
1989 2675 2140 2737 erat,
2167 2673 2237 2726 ut
2263 2682 2381 2733 Dio.

324 2764 419 2821 tot
438 2770 617 2840 atque
644 2760 795 2821 talia
816 2761 1055 2823 admitti
1082 2764 1161 2824 ab
1181 2763 1441 2835 homine,
1466 2762 1565 2824 vel
1590 2764 1727 2843 ipsi,
1749 2764 1854 2842 qui
1873 2761 2231 2835 detulerant,

328 2858 795 2937 indignarentur.

408 2960 511 3014 88.
556 2953 651 3015 At
692 2953 979 3038 populus,
1018 2963 1086 3013 ut
1124 2973 1251 3014 mos
1288 2962 1379 3013 est
1432 2952 1635 3032 vulgo,
1685 2967 1846 3036 ‘saepe
1899 2953 2236 3015 nominibus
2259 2980 2391 3030 pm,

330 3051 543 3129 magis,
566 3070 745 3131 quam
774 3051 949 3110 rebus
974 3050 1222 3121 offendi,
1250 3070 1427 3131 quem
1460 3051 1692 3112 tamdiu
1721 3072 1918 3131 regem
1945 3059 2076 3111 erat
2097 3070 2234 3132 pas-
2261 3046 2444 3096 Antea.

328 3166 450 3217 sus,
478 3148 563 3207 sic
596 3147 883 3228 appellari
904 3145 1063 3209 velle
1088 3167 1205 3206 non
1233 3146 1481 3208 ferebat.
1566 3148 1788 3229 Itaque
1813 3148 1968 3210 clam
2005 3147 2234 3229 palam-
2292 3160 2495 3209 sueton.

325 3262 449 3322 que
496 3243 960 3304 dominationem
1022 3252 1427 3325 aspernantes,
1478 3246 1782 3307 vindicem
1835 3245 2234 3327 requirebant.
2261 3224 2388 3277 σω·
2411 3232 2496 3277 ⁸⁰·

330 3339 645 3401 Proximis
684 3342 943 3401 comitiis
1001 3350 1235 3423 reperta
1280 3342 1555 3403 dicuntur
1596 3343 1910 3425 complura
1953 3342 2238 3420 suffragia

335 3435 664 3497 Caesetium
688 3446 754 3497 et
778 3437 1107 3497 Marullum
1134 3438 1405 3499 consules
1426 3427 1875 3500 declarantium.
1960 3438 2031 3497 L.
2063 3437 2239 3497 Bruti
2261 3455 2416 3521 Supra
2429 3462 2540 3509 (5.9.

326 3540 595 3593 statuam
622 3534 679 3592 in
712 3533 1018 3614 Capitolio
1042 3533 1221 3593 fuisse
1246 3534 1527 3607 diximus,
1540 3536 1726 3615 juxta
1759 3554 1961 3615 regum
1995 3532 2237 3612 effigies,
2265 3554 2467 3602 Suam,

327 3630 437 3689 ubi
462 3638 526 3689 et
554 3628 629 3690 C.
658 3628 883 3690 Caesari
912 3626 1099 3712 nuper
1124 3640 1253 3691 erat
1280 3632 1493 3713 posita.
1578 3632 1752 3695 Huic
1781 3629 1956 3712 igitur
1993 3632 2240 3712 inscrip-

330 3734 462 3787 tum
508 3726 660 3787 fuit:
706 3738 723 3763 ⁶
762 3726 1042 3799 Brutum,
1094 3729 1302 3807 ejectis
1326 3730 1599 3807 regibus,
1642 3731 1896 3810 primum
1939 3726 2240 3789 consulem

330 3822 560 3883 factum
586 3842 713 3884 esse
738 3844 755 3893 ς
786 3824 967 3895 hunc,
994 3826 1205 3904 ejectis
1228 3825 1589 3895 consulibus,
1615 3836 1974 3906 postremum
2001 3823 2242 3903 regem.'

336 3918 517 3980 Bruti
539 3940 684 3981 vero
710 3930 923 3981 statuae
948 3940 963 3981 ε
1009 3929 1027 3957 ‘
1055 3920 1309 3983 Utinam
1338 3923 1567 3983 viveres
1587 3922 1603 3981 l
1620 3922 1639 3951 '

416 4022 519 4077 89.
562 4016 777 4098 Atque
802 4019 941 4078 inde
966 4018 1247 4078 conversi.
1268 4018 1345 4078 ad
1384 4028 1696 4099 praetorem
1735 4016 2015 4086 Brutum,
2061 4026 2238 4096 quem
2267 4032 2386 4084 Dio.
2427 4034 2562 4087 Plut.

332 4122 575 4195 propter
611 4114 867 4175 nominis
898 4116 1369 4176 communionem
1410 4116 1487 4174 ab
1530 4114 1720 4175 altero
1761 4113 1866 4174 illo
1906 4132 2088 4192 genus
2125 4111 2238 4171 dn·
2264 4098 2404 4213 32⁸5·
2417 4110 2469 4150 θ*

332 4230 470 4271 cere
496 4210 763 4272 faventes
786 4212 1087 4284 dicebant,
1116 4211 1369 4273 subinde
1388 4212 1786 4273 inclamarunt
1809 4211 1986 4271 Bruti
2001 4228 2237 4279 nomen,
2265 4228 2380 4281 Dio.

334 4309 566 4388 sibique
592 4318 609 4345 ⁶
634 4308 825 4369 Bruto
852 4309 1055 4390 aliquo
1080 4330 1205 4369 esse
1230 4311 1427 4391 opus.'
1504 4308 1813 4369 Tribunali
1841 4328 2076 4388 quoque
2109 4310 2241 4386 ejus
2265 4294 2482 4359 ΑΙΨῙΨ·

334 4405 703 4486 inscriptum,
748 4398 771 4442 ²
793 4406 1032 4467 Dormis
1062 4408 1251 4467 Brute
1276 4408 1314 4465 Ρ
1356 4416 1438 4478 et,
1482 4416 1499 4443 ⁶
1526 4406 1676 4467 Non
1705 4428 1770 4467 es
1807 4407 2026 4466 Brutus
2049 4405 2088 4464 !’
2173 4403 2240 4464 Is

339 4502 547 4584 populi
577 4524 777 4563 sensus
802 4505 1027 4565 animos
1054 4504 1421 4565 inimicorum
1446 4504 1706 4566 Caesaris
1729 4503 1954 4572 erexit3
2003 4500 2239 4562 Cassio-
