3300 5234
898 568 1109 621 LIBRI
1159 570 1277 619 cv.
1318 568 1970 623 suprnnnnn'ruu.
2353 552 2527 623 5071

286 713 483 777 sentia
504 720 739 775 tantum
761 712 1077 775 commoda
1100 721 1389 773 staturum
1412 714 1714 786 rebantur,
1754 713 1884 786 sed,
1913 714 2008 774 his
2038 712 2204 774 dele-

284 813 369 873 tis
390 812 603 893 copiis,
646 812 869 871 nemini
895 820 1105 892 postea
1127 810 1401 871 veniendi
1430 808 1509 870 ad
1538 808 1864 872 Britannos
1885 810 2202 872 audaciam

284 908 431 969 fore.
518 908 715 987 Igitur
740 908 1035 988 legionem
1055 908 1389 988 septimam,
1416 924 1555 987 quae
1580 907 1758 967 missa
1778 907 2202 969 frumentatum

284 1004 502 1076 fuerat,
530 1006 729 1065 subito
748 1006 1045 1065 maximus
1068 1022 1349 1063 numerus
1372 1006 1656 1081 aggressi,
1695 1012 1884 1065 totam
1909 1006 2200 1066 concidis-

282 1112 437 1173 sent,
462 1102 581 1161 nisi
616 1103 812 1183 pulvis
837 1101 1013 1163 solito
1047 1102 1240 1181 major
1284 1120 1363 1160 ex
1401 1102 1473 1159 iis
1502 1100 1652 1161 locis
1677 1112 2028 1181 conspectus
2061 1101 2200 1162 Cae-

280 1219 475 1259 sarem
518 1200 887 1261 advertisset.
986 1198 1135 1259 Hoc
1194 1198 1469 1259 celeriter
1503 1198 1912 1271 subveniente,
1964 1209 2202 1260 servata

282 1294 443 1376 legio
470 1304 585 1355 est.

358 1400 469 1454 69.
508 1392 743 1453 Hostes
768 1390 890 1451 alio
914 1389 1129 1462 deinde
1170 1390 1377 1472 praelio
1402 1392 1571 1463 victi,
1599 1411 1736 1453 cum
1764 1394 1975 1453 iterum
2011 1392 2199 1453 misis-

276 1498 407 1549 sent
452 1489 719 1568 legatos3
784 1486 1011 1558 Caesar,
1062 1486 1309 1548 infirmis
1350 1488 1603 1550 navibus
1640 1510 1760 1549 non
1807 1508 1932 1549 esse
1975 1489 2200 1549 diutius

274 1584 673 1647 differendam
718 1585 1157 1663 navigationem
1217 1594 1453 1666 putans,
1500 1607 1637 1647 nam
1679 1586 1810 1647 dies
1857 1587 2198 1666 aequinoctii

272 1684 539 1753 suberat,
586 1691 819 1764 promte
862 1682 1097 1741 veniam
1138 1680 1565 1762 praeteritorum
1608 1682 1796 1743 dedit.
1899 1683 2196 1743 Obsidum

273 1778 693 1841 tantummodo
732 1798 1038 1838 numerum
1082 1777 1436 1858 duplicavit,
1476 1788 1776 1859 praecepto
1810 1789 1879 1839 ut
1919 1780 1979 1839 in
2005 1779 2196 1839 conti-

273 1886 514 1937 nentem
542 1877 657 1935 sibi
682 1876 1072 1935 mitterentur.
1160 1875 1262 1935 Ita
1298 1896 1434 1935 curn
1460 1874 1764 1936 discedere
1789 1876 2020 1946 Caesar,
2051 1875 2192 1937 Bri-

268 1974 437 2033 tanni
464 1972 767 2033 dimittere
805 1972 1065 2034 advenas
1103 1983 1412 2054 cuperent,
1452 1973 1543 2033 illi
1584 1973 1839 2034 multum
1878 1976 2192 2055 imperare,

266 2069 483 2131 borum
526 2071 587 2130 in
632 2078 927 2151 potestate
974 2067 1231 2149 relinqui
1264 2080 1554 2152 quatenus
1592 2070 1924 2144 obedirent,
1951 2070 2188 2131 videre·

266 2174 398 2237 tur:
462 2167 629 2228 haud
673 2188 987 2249 operosum
1026 2168 1451 2248 componendae
1496 2170 1665 2249 pacis
1709 2170 2010 2247 negotium
2053 2168 2186 2230 fuit.

269 2264 504 2337 Caesar,
534 2267 596 2325 in
624 2266 894 2325 Galliam
920 2286 1235 2345 regressus,
1263 2286 1397 2326 cum
1433 2267 1623 2327 obiter
1666 2268 1960 2339 Morinos,
1988 2288 2027 2327 a
2052 2268 2186 2347 qui-

263 2362 377 2423 bus
412 2365 668 2423 trecenti
696 2363 937 2435 milites,
967 2364 1069 2444 qui
1108 2364 1165 2423 in
1204 2384 1277 2423 eo
1306 2364 1503 2425 littore
1550 2366 1807 2445 expositi
1839 2374 2036 2430 castra
2075 2382 2185 2423 sua

262 2462 642 2541 repetebant,
669 2462 993 2542 oppugnati
1029 2461 1287 2533 fuerant,
1330 2483 1435 2543 per
1460 2461 1535 2523 T.
1564 2462 1894 2523 Labienum
1921 2460 2182 2522 domuis-

260 2567 392 2627 set:
438 2580 551 2640 per
586 2560 671 2627 Q.
703 2559 1025 2629 Titurium,
1070 2559 1139 2618 L.
1166 2558 1411 2621 Cottam
1454 2560 1706 2639 legatos„
1755 2560 2180 2640 Menapiorum

262 2666 557 2717 vastasset
582 2657 774 2727 culta,
792 2658 853 2717 in
878 2657 1087 2737 Belgis
1106 2658 1375 2737 hyberna
1395 2658 1694 2737 legionum
1715 2658 2037 2719 constituit.
2083 2656 2180 2716 Eo

255 2750 395 2813 dure
421 2754 668 2813 omnino
706 2752 1131 2813 Britannorum
1156 2755 1429 2815 civitates
1454 2756 1737 2815 miserunt
1769 2754 2040 2815 obsides:
2085 2773 2176 2813 re-

258 2846 447 2929 liquoe
477 2849 543 2909 id
568 2849 769 2910 facere
794 2850 1203 2929 neglexerunt.

333 2952 445 3006 60.
492 2946 723 3017 Ceasar,
766 2946 859 3005 his
882 2946 1083 3024 gestis,
1111 2964 1452 3026 quanquam
1478 2966 1676 3027 operoe
1717 2947 1969 3027 pretium
2007 2944 2173 3007 aliud
2197 2969 2318 3022 Dio.

256 3040 491 3103 factunm
530 3062 651 3103 non
694 3051 846 3113 erat,
872 3062 1053 3123 quam
1083 3042 1245 3121 quod
1282 3042 1362 3101 ad
1404 3043 1639 3122 ignotas
1684 3046 1847 3125 prius
1886 3044 2172 3122 regiones,

254 3138 525 3219 ipsisque
546 3137 939 3199 domitoribus
961 3138 1143 3211 orbis,
1184 3146 1257 3198 ut
1295 3137 1656 3211 ferebantur,
1704 3139 1964 3200 Herculi
2011 3140 2173 3200 Bac·-
2223 3136 2245 3153 ⁸

252 3234 519 3315 choque,
544 3243 611 3296 et
632 3236 845 3296 ceteris
868 3236 1145 3295 heroibus
1166 3236 1443 3307 intactas,
1466 3256 1631 3297 arma
1655 3235 1940 3297 Romana
1966 3258 2174 3318 perva-

252 3344 509 3401 serant&
566 3330 647 3393 de
698 3332 875 3393 rebus
920 3334 1043 3393 suis
1086 3330 1426 3411 magnifice,
1483 3333 1682 3393 verbis
1723 3332 2045 3405 extollens,
2091 3332 2170 3393 ad

252 3437 531 3489 senatum
556 3428 809 3509 scripsit.
895 3427 1055 3488 Cum
1082 3428 1371 3502 adversae,
1414 3438 1483 3491 ut
1518 3439 1656 3491 ante
1683 3430 2009 3503 retulimus,
2035 3451 2168 3491 sen-

252 3526 461 3585 tentiae
508 3524 742 3605 aliquot
790 3525 1073 3594 fuissent3
1130 3526 1339 3586 studiis
1386 3535 1451 3587 et
1492 3525 1834 3588 adulatione
1886 3526 2166 3609 plurium,

249 3622 623 3704 supplicatio
644 3622 875 3683 dierum
892 3622 1102 3702 viginti
1128 3643 1167 3683 a
1188 3629 1397 3683 senatu
1423 3622 1666 3684 decreta
1689 3632 1798 3684 est.
2191 3597 2321 3716 ἓξὲξ
2341 3600 2472 3717 ξιξ·

324 3728 440 3781 61.
486 3718 657 3781 Dum
688 3720 819 3780 brec
844 3740 885 3781 a
910 3718 1151 3781 Omra
1178 3728 1480 3799 geruntur,
1517 3720 1603 3787 Q.
1636 3720 1926 3782 Metellus
1950 3720 2170 3803 Nepos

248 3818 305 3876 in
352 3816 673 3899 Hispania
698 3816 957 3899 populos
982 3817 1213 3897 aliquot
1252 3816 1429 3890 fudit,
1460 3819 1567 3899 qui
1594 3816 1876 3879 Vaccaeis
1913 3818 2168 3879 ducibus

246 3914 647 3977 rebellionem
670 3922 1099 3995 coeptaverant,
1126 3914 1383 3975 necdum
1426 3923 1595 3975 erant
1635 3917 1782 3975 satis
1819 3915 1898 3976 ad
1939 3914 2165 3976 bellum

244 4013 467 4091 parati.
540 4010 640 4073 Ea
662 4032 756 4071 res
782 4010 1015 4093 Nepoti
1034 4010 1322 4093 patefecit
1344 4012 1528 4084 viam,
1556 4020 1623 4073 ut
1648 4012 1867 4073 multas
1889 4011 2166 4073 obeundo

244 4110 545 4182 nationes,
572 4110 837 4191 aliquem
866 4128 1175 4170 numerum
1199 4108 1551 4187 ignobilium
1589 4109 1943 4190 oppidorum
1969 4110 2030 4171 in
2055 4108 2164 4171 de·

240 4204 543 4269 ditionem
568 4208 889 4288 acciperet.
946 4205 1095 4278 Sed,
1124 4206 1228 4265 ubi
1256 4204 1541 4267 Cluuiam
1566 4208 1835 4268 obsidere
1861 4228 2166 4287 aggressus

241 4313 355 4376 est,
390 4304 663 4365 validam
702 4304 931 4374 urbem,
981 4302 1279 4385 Hispanis
1302 4324 1439 4365 cum
1466 4305 1730 4365 maximo
1755 4305 2022 4365 exercitu
2061 4326 2162 4365 su·
3257 4338 3260 4381 Ι

244 4402 753 4481 pervenientibus,
781 4400 986 4481 praelio
1024 4400 1217 4480 impar
1250 4402 1444 4460 cessit.
1536 4401 1637 4473 Et,
1669 4420 2010 4482 quanquam
2035 4422 2162 4461 me-
2297 4402 2304 4411 ‘
