<?xml version="1.0" encoding="UTF-8"?>
<!DOCTYPE html PUBLIC "-//W3C//DTD XHTML 1.0 Transitional//EN"
    "http://www.w3.org/TR/xhtml1/DTD/xhtml1-transitional.dtd">
<html xmlns="http://www.w3.org/1999/xhtml" xml:lang="en" lang="en">
 <head>
  <title>
</title>
<meta http-equiv="Content-Type" content="text/html;charset=utf-8" />
  <meta name='ocr-system' content='tesseract 3.04.00' />
  <meta name='ocr-capabilities' content='ocr_page ocr_carea ocr_par ocr_line ocrx_word'/>
</head>
<body>
  <div class='ocr_page' id='page_1' title='image "./tliviipatavinih35unkngoog/tliviipatavinih35unkngoog_0175.png"; bbox 0 0 3300 5234; ppageno 0'>
   <div class='ocr_carea' id='block_1_1' title="bbox 773 570 2484 640">
    <p class='ocr_par' dir='ltr' id='par_1_1' title="bbox 773 570 2484 640">
     <span class='ocr_line' id='line_1_1' title="bbox 773 570 2484 640; baseline -0.004 -1"><span class='ocrx_word' id='word_1_1' title='bbox 773 587 982 640; x_wconf 77' lang='lat' dir='ltr'><strong>unm</strong></span> <span class='ocrx_word' id='word_1_2' title='bbox 1031 586 1218 638; x_wconf 77' lang='lat' dir='ltr'><strong>cvii.</strong></span> <span class='ocrx_word' id='word_1_3' title='bbox 1262 584 1914 639; x_wconf 67' lang='lat' dir='ltr'><strong>surranusuruu.</strong></span> <span class='ocrx_word' id='word_1_4' title='bbox 2283 570 2484 637; x_wconf 73' lang='lat'><strong>5117.</strong></span> 
     </span>
    </p>
   </div>
   <div class='ocr_carea' id='block_1_2' title="bbox 213 727 2458 3044">
    <p class='ocr_par' dir='ltr' id='par_1_2' title="bbox 218 727 2458 2267">
     <span class='ocr_line' id='line_1_2' title="bbox 226 727 2136 814; baseline -0.002 -23"><span class='ocrx_word' id='word_1_5' title='bbox 226 730 419 791; x_wconf 73' lang='lat' dir='ltr'><strong>tentia</strong></span> <span class='ocrx_word' id='word_1_6' title='bbox 442 748 553 791; x_wconf 87' lang='lat' dir='ltr'><strong>sua</strong></span> <span class='ocrx_word' id='word_1_7' title='bbox 568 732 929 813; x_wconf 87' lang='lat' dir='ltr'><strong>compositos</strong></span> <span class='ocrx_word' id='word_1_8' title='bbox 954 732 1301 814; x_wconf 80' lang='lat' dir='ltr'><strong>accepisset,</strong></span> <span class='ocrx_word' id='word_1_9' title='bbox 1328 740 1391 793; x_wconf 79' lang='lat' dir='ltr'><strong>et</strong></span> <span class='ocrx_word' id='word_1_10' title='bbox 1410 730 1631 793; x_wconf 84' lang='lat' dir='ltr'><strong>crebris</strong></span> <span class='ocrx_word' id='word_1_11' title='bbox 1652 748 1892 800; x_wconf 80' lang='lat' dir='ltr'><strong>suorum</strong></span> <span class='ocrx_word' id='word_1_12' title='bbox 1915 727 2136 789; x_wconf 85' lang='lat' dir='ltr'><strong>nuntiis</strong></span> 
     </span>
     <span class='ocr_line' id='line_1_3' title="bbox 226 826 2136 911; baseline -0.001 -24"><span class='ocrx_word' id='word_1_13' title='bbox 226 830 613 900; x_wconf 80' lang='lat' dir='ltr'><strong>excitaretur,</strong></span> <span class='ocrx_word' id='word_1_14' title='bbox 636 830 697 888; x_wconf 91' lang='lat' dir='ltr'><strong>in</strong></span> <span class='ocrx_word' id='word_1_15' title='bbox 720 830 1177 911; x_wconf 75' lang='lat' dir='ltr'><strong>Transalpinam</strong></span> <span class='ocrx_word' id='word_1_16' title='bbox 1204 828 1476 891; x_wconf 84' lang='lat' dir='ltr'><strong>Galliam</strong></span> <span class='ocrx_word' id='word_1_17' title='bbox 1503 846 1581 890; x_wconf 85' lang='lat' dir='ltr'><strong>ex</strong></span> <span class='ocrx_word' id='word_1_18' title='bbox 1613 828 1800 891; x_wconf 78' lang='lat' dir='ltr'><strong>Italia</strong></span> <span class='ocrx_word' id='word_1_19' title='bbox 1834 826 2136 909; x_wconf 85' lang='lat' dir='ltr'><strong>profectus</strong></span> 
     </span>
     <span class='ocr_line' id='line_1_4' title="bbox 224 925 2364 1004; baseline -0.001 -19"><span class='ocrx_word' id='word_1_20' title='bbox 224 934 329 985; x_wconf 81' lang='lat' dir='ltr'><strong>est.</strong></span> <span class='ocrx_word' id='word_1_21' title='bbox 418 925 590 987; x_wconf 85' lang='lat' dir='ltr'><strong>Galli</strong></span> <span class='ocrx_word' id='word_1_22' title='bbox 624 926 925 987; x_wconf 69' lang='lat' dir='ltr'><strong>Caesarem</strong></span> <span class='ocrx_word' id='word_1_23' title='bbox 950 927 1233 988; x_wconf 81' lang='lat' dir='ltr'><strong>civilibus</strong></span> <span class='ocrx_word' id='word_1_24' title='bbox 1270 926 1583 987; x_wconf 70' lang='lat' dir='ltr'><strong>discordiis</strong></span> <span class='ocrx_word' id='word_1_25' title='bbox 1618 925 1886 985; x_wconf 87' lang='lat' dir='ltr'><strong>distineri</strong></span> <span class='ocrx_word' id='word_1_26' title='bbox 1919 932 2130 1004; x_wconf 83' lang='lat' dir='ltr'><strong>putan-</strong></span> <span class='ocrx_word' id='word_1_27' title='bbox 2154 928 2270 987; x_wconf 81' lang='lat' dir='ltr'><strong>Dio,</strong></span> <span class='ocrx_word' id='word_1_28' title='bbox 2293 946 2364 979; x_wconf 73' lang='grc' dir='ltr'><strong>ιι.</strong></span> 
     </span>
     <span class='ocr_line' id='line_1_5' title="bbox 224 964 2458 1111; baseline 0 -30"><span class='ocrx_word' id='word_1_29' title='bbox 224 1032 334 1093; x_wconf 83' lang='lat' dir='ltr'><strong>tes,</strong></span> <span class='ocrx_word' id='word_1_30' title='bbox 378 1022 805 1105; x_wconf 84' lang='lat' dir='ltr'><strong>propemodum</strong></span> <span class='ocrx_word' id='word_1_31' title='bbox 838 1024 1095 1083; x_wconf 79' lang='lat' dir='ltr'><strong>universi</strong></span> <span class='ocrx_word' id='word_1_32' title='bbox 1128 1024 1589 1095; x_wconf 78' lang='lat' dir='ltr'><strong>rebellaverant,</strong></span> <span class='ocrx_word' id='word_1_33' title='bbox 1617 1021 1984 1082; x_wconf 71' lang='lat' dir='ltr'><strong>Carnutibus</strong></span> <span class='ocrx_word' id='word_1_34' title='bbox 2006 1020 2130 1081; x_wconf 83' lang='lat' dir='ltr'><strong>Ar·</strong></span> <span class='ocrx_word' id='word_1_35' title='bbox 2150 964 2287 1109; x_wconf 51' lang='lat'><strong>3¹¹⁰}</strong></span> <span class='ocrx_word' id='word_1_36' title='bbox 2279 996 2458 1111; x_wconf 52' lang='grc' dir='ltr'><strong>Ξῗῇ.</strong></span> 
     </span>
     <span class='ocr_line' id='line_1_6' title="bbox 222 1117 2453 1201; baseline -0.002 -22"><span class='ocrx_word' id='word_1_37' title='bbox 222 1120 537 1199; x_wconf 76' lang='lat' dir='ltr'><strong>vernisque</strong></span> <span class='ocrx_word' id='word_1_38' title='bbox 562 1120 922 1179; x_wconf 79' lang='lat' dir='ltr'><strong>auctoribus.</strong></span> <span class='ocrx_word' id='word_1_39' title='bbox 1008 1118 1251 1194; x_wconf 82' lang='lat' dir='ltr'><strong>Genabi</strong></span> <span class='ocrx_word' id='word_1_40' title='bbox 1289 1121 1473 1195; x_wconf 86' lang='lat' dir='ltr'><strong>(nunc</strong></span> <span class='ocrx_word' id='word_1_41' title='bbox 1498 1118 1898 1179; x_wconf 73' lang='lat' dir='ltr'><strong>Aurelianum</strong></span> <span class='ocrx_word' id='word_1_42' title='bbox 1923 1117 2131 1201; x_wconf 89' lang='lat' dir='ltr'><strong>appel·</strong></span> <span class='ocrx_word' id='word_1_43' title='bbox 2151 1123 2326 1173; x_wconf 69' lang='lat' dir='ltr'><strong>rior-11</strong></span> <span class='ocrx_word' id='word_1_44' title='bbox 2331 1129 2453 1174; x_wconf 82' lang='grc' dir='ltr'><strong>.ι.ο</strong></span> 
     </span>
     <span class='ocr_line' id='line_1_7' title="bbox 224 1214 2278 1305; baseline 0 -31"><span class='ocrx_word' id='word_1_45' title='bbox 224 1214 379 1295; x_wconf 85' lang='lat' dir='ltr'><strong>lant)</strong></span> <span class='ocrx_word' id='word_1_46' title='bbox 416 1214 688 1276; x_wconf 86' lang='lat' dir='ltr'><strong>Romani</strong></span> <span class='ocrx_word' id='word_1_47' title='bbox 726 1216 1117 1295; x_wconf 85' lang='lat' dir='ltr'><strong>negotiatores</strong></span> <span class='ocrx_word' id='word_1_48' title='bbox 1156 1236 1195 1275; x_wconf 89' lang='lat' dir='ltr'><strong>a</strong></span> <span class='ocrx_word' id='word_1_49' title='bbox 1236 1214 1601 1276; x_wconf 75' lang='lat' dir='ltr'><strong>Carnutibus</strong></span> <span class='ocrx_word' id='word_1_50' title='bbox 1640 1214 1932 1275; x_wconf 82' lang='lat' dir='ltr'><strong>interfecti</strong></span> <span class='ocrx_word' id='word_1_51' title='bbox 1971 1224 2127 1275; x_wconf 87' lang='lat' dir='ltr'><strong>sunt.</strong></span> <span class='ocrx_word' id='word_1_52' title='bbox 2149 1253 2278 1305; x_wconf 56' lang='lat' dir='ltr'><strong>Cam</strong></span> 
     </span>
     <span class='ocr_line' id='line_1_8' title="bbox 224 1310 2440 1395; baseline 0 -22"><span class='ocrx_word' id='word_1_53' title='bbox 224 1313 555 1385; x_wconf 81' lang='lat' dir='ltr'><strong>Arvernos,</strong></span> <span class='ocrx_word' id='word_1_54' title='bbox 582 1311 799 1374; x_wconf 87' lang='lat' dir='ltr'><strong>deinde</strong></span> <span class='ocrx_word' id='word_1_55' title='bbox 823 1314 1031 1372; x_wconf 86' lang='lat' dir='ltr'><strong>horum</strong></span> <span class='ocrx_word' id='word_1_56' title='bbox 1052 1332 1165 1395; x_wconf 90' lang='lat' dir='ltr'><strong>ope</strong></span> <span class='ocrx_word' id='word_1_57' title='bbox 1185 1310 1475 1384; x_wconf 85' lang='lat' dir='ltr'><strong>Senones,</strong></span> <span class='ocrx_word' id='word_1_58' title='bbox 1497 1310 1792 1383; x_wconf 80' lang='lat' dir='ltr'><strong>Parisios,</strong></span> <span class='ocrx_word' id='word_1_59' title='bbox 1816 1312 2128 1384; x_wconf 74' lang='lat' dir='ltr'><strong>Pictones,</strong></span> <span class='ocrx_word' id='word_1_60' title='bbox 2183 1318 2362 1370; x_wconf 72' lang='lat' dir='ltr'><strong>Cella·-</strong></span> <span class='ocrx_word' id='word_1_61' title='bbox 2435 1312 2440 1321; x_wconf 86' lang='lat'>&#39;</span> 
     </span>
     <span class='ocr_line' id='line_1_9' title="bbox 222 1382 2450 1495; baseline 0.001 -27"><span class='ocrx_word' id='word_1_62' title='bbox 222 1410 488 1491; x_wconf 80' lang='lat' dir='ltr'><strong>aliosque</strong></span> <span class='ocrx_word' id='word_1_63' title='bbox 555 1410 893 1491; x_wconf 71' lang='lat' dir='ltr'><strong>complures</strong></span> <span class='ocrx_word' id='word_1_64' title='bbox 938 1410 1191 1491; x_wconf 84' lang='lat' dir='ltr'><strong>populos</strong></span> <span class='ocrx_word' id='word_1_65' title='bbox 1242 1410 1740 1489; x_wconf 80' lang='lat' dir='ltr'><strong>Vercingentorix</strong></span> <span class='ocrx_word' id='word_1_66' title='bbox 1787 1410 2170 1495; x_wconf 79' lang='lat' dir='ltr'><strong>commovit.</strong></span> <span class='ocrx_word' id='word_1_67' title='bbox 2149 1382 2327 1447; x_wconf 66' lang='lat'><strong>⁶²⁰3*</strong></span> <span class='ocrx_word' id='word_1_68' title='bbox 2329 1382 2378 1435; x_wconf 64' lang='lat' dir='ltr'>A</span> <span class='ocrx_word' id='word_1_69' title='bbox 2381 1390 2450 1435; x_wconf 54' lang='grc' dir='ltr'><strong>ἠ’</strong></span> 
     </span>
     <span class='ocr_line' id='line_1_10' title="bbox 225 1504 2282 1587; baseline 0 -22"><span class='ocrx_word' id='word_1_70' title='bbox 225 1504 347 1566; x_wconf 89' lang='lat' dir='ltr'><strong>His</strong></span> <span class='ocrx_word' id='word_1_71' title='bbox 368 1506 595 1567; x_wconf 89' lang='lat' dir='ltr'><strong>deinde</strong></span> <span class='ocrx_word' id='word_1_72' title='bbox 620 1510 903 1567; x_wconf 86' lang='lat' dir='ltr'><strong>continuo</strong></span> <span class='ocrx_word' id='word_1_73' title='bbox 940 1504 1243 1584; x_wconf 83' lang='lat' dir='ltr'><strong>Biturigas</strong></span> <span class='ocrx_word' id='word_1_74' title='bbox 1272 1506 1576 1585; x_wconf 83' lang='lat' dir='ltr'><strong>adjunxit,</strong></span> <span class='ocrx_word' id='word_1_75' title='bbox 1602 1525 1740 1565; x_wconf 91' lang='lat' dir='ltr'><strong>cum</strong></span> <span class='ocrx_word' id='word_1_76' title='bbox 1765 1515 1932 1587; x_wconf 81' lang='lat' dir='ltr'><strong>parte</strong></span> <span class='ocrx_word' id='word_1_77' title='bbox 1957 1525 2127 1567; x_wconf 87' lang='lat' dir='ltr'><strong>exer·</strong></span> <span class='ocrx_word' id='word_1_78' title='bbox 2149 1512 2282 1565; x_wconf 75' lang='lat' dir='ltr'><strong>Coes.</strong></span> 
     </span>
     <span class='ocr_line' id='line_1_11' title="bbox 221 1601 2127 1686; baseline -0.001 -21"><span class='ocrx_word' id='word_1_79' title='bbox 221 1605 370 1665; x_wconf 87' lang='lat' dir='ltr'><strong>citus</strong></span> <span class='ocrx_word' id='word_1_80' title='bbox 392 1606 456 1665; x_wconf 90' lang='lat' dir='ltr'><strong>in</strong></span> <span class='ocrx_word' id='word_1_81' title='bbox 484 1604 637 1665; x_wconf 87' lang='lat' dir='ltr'><strong>fines</strong></span> <span class='ocrx_word' id='word_1_82' title='bbox 660 1604 897 1665; x_wconf 89' lang='lat' dir='ltr'><strong>illorum</strong></span> <span class='ocrx_word' id='word_1_83' title='bbox 922 1604 1243 1686; x_wconf 82' lang='lat' dir='ltr'><strong>profectus.</strong></span> <span class='ocrx_word' id='word_1_84' title='bbox 1303 1603 1473 1664; x_wconf 87' lang='lat' dir='ltr'><strong>Nam</strong></span> <span class='ocrx_word' id='word_1_85' title='bbox 1498 1623 1537 1663; x_wconf 88' lang='lat' dir='ltr'><strong>a</strong></span> <span class='ocrx_word' id='word_1_86' title='bbox 1563 1601 1861 1663; x_wconf 87' lang='lat' dir='ltr'><strong>Romanis</strong></span> <span class='ocrx_word' id='word_1_87' title='bbox 1881 1602 2127 1665; x_wconf 85' lang='lat' dir='ltr'><strong>defendi</strong></span> 
     </span>
     <span class='ocr_line' id='line_1_12' title="bbox 220 1700 2124 1782; baseline 0.001 -21"><span class='ocrx_word' id='word_1_88' title='bbox 220 1704 647 1782; x_wconf 76' lang='lat' dir='ltr'><strong>nequiverant:</strong></span> <span class='ocrx_word' id='word_1_89' title='bbox 688 1710 751 1761; x_wconf 86' lang='lat' dir='ltr'><strong>et</strong></span> <span class='ocrx_word' id='word_1_90' title='bbox 774 1702 855 1761; x_wconf 84' lang='lat' dir='ltr'><strong>ab</strong></span> <span class='ocrx_word' id='word_1_91' title='bbox 880 1700 1114 1772; x_wconf 81' lang='lat' dir='ltr'><strong>AEduis,</strong></span> <span class='ocrx_word' id='word_1_92' title='bbox 1140 1701 1245 1781; x_wconf 89' lang='lat' dir='ltr'><strong>qui</strong></span> <span class='ocrx_word' id='word_1_93' title='bbox 1266 1720 1405 1760; x_wconf 87' lang='lat' dir='ltr'><strong>cum</strong></span> <span class='ocrx_word' id='word_1_94' title='bbox 1430 1700 1698 1761; x_wconf 84' lang='lat' dir='ltr'><strong>exercitu</strong></span> <span class='ocrx_word' id='word_1_95' title='bbox 1726 1720 1799 1761; x_wconf 90' lang='lat' dir='ltr'><strong>eo</strong></span> <span class='ocrx_word' id='word_1_96' title='bbox 1817 1709 2124 1774; x_wconf 78' lang='lat' dir='ltr'><strong>venerant,</strong></span> 
     </span>
     <span class='ocr_line' id='line_1_13' title="bbox 220 1794 2126 1879; baseline 0.001 -22"><span class='ocrx_word' id='word_1_97' title='bbox 220 1807 377 1858; x_wconf 86' lang='lat' dir='ltr'><strong>metu</strong></span> <span class='ocrx_word' id='word_1_98' title='bbox 390 1818 481 1858; x_wconf 71' lang='lat' dir='ltr'><strong>nn</strong></span> <span class='ocrx_word' id='word_1_99' title='bbox 510 1796 763 1879; x_wconf 88' lang='lat' dir='ltr'><strong>perfidia</strong></span> <span class='ocrx_word' id='word_1_100' title='bbox 786 1798 1100 1869; x_wconf 87' lang='lat' dir='ltr'><strong>incertum,</strong></span> <span class='ocrx_word' id='word_1_101' title='bbox 1116 1798 1331 1857; x_wconf 85' lang='lat' dir='ltr'><strong>omiss&#39;a</strong></span> <span class='ocrx_word' id='word_1_102' title='bbox 1356 1817 1471 1868; x_wconf 89' lang='lat' dir='ltr'><strong>res,</strong></span> <span class='ocrx_word' id='word_1_103' title='bbox 1488 1794 1862 1877; x_wconf 76' lang='lat' dir='ltr'><strong>reductaeque</strong></span> <span class='ocrx_word' id='word_1_104' title='bbox 1879 1796 2126 1859; x_wconf 86' lang='lat' dir='ltr'><strong>domum</strong></span> 
     </span>
     <span class='ocr_line' id='line_1_14' title="bbox 220 1892 2144 1979; baseline 0 -25"><span class='ocrx_word' id='word_1_105' title='bbox 220 1895 401 1975; x_wconf 68' lang='lat' dir='ltr'><strong>copim</strong></span> <span class='ocrx_word' id='word_1_106' title='bbox 424 1894 684 1955; x_wconf 80' lang='lat' dir='ltr'><strong>fuerant.</strong></span> <span class='ocrx_word' id='word_1_107' title='bbox 752 1893 957 1955; x_wconf 80' lang='lat' dir='ltr'><strong>Etiam</strong></span> <span class='ocrx_word' id='word_1_108' title='bbox 983 1893 1293 1954; x_wconf 83' lang='lat' dir='ltr'><strong>Lucterius</strong></span> <span class='ocrx_word' id='word_1_109' title='bbox 1319 1892 1654 1964; x_wconf 83' lang='lat' dir='ltr'><strong>Cadurcus,</strong></span> <span class='ocrx_word' id='word_1_110' title='bbox 1679 1913 1720 1954; x_wconf 90' lang='lat' dir='ltr'><strong>a</strong></span> <span class='ocrx_word' id='word_1_111' title='bbox 1744 1892 2144 1979; x_wconf 45' lang='lat' dir='ltr'><strong>Vercingen·s</strong></span> 
     </span>
     <span class='ocr_line' id='line_1_15' title="bbox 220 1990 2122 2073; baseline 0.001 -22"><span class='ocrx_word' id='word_1_112' title='bbox 220 1992 399 2071; x_wconf 77' lang='lat' dir='ltr'><strong>toi-ige</strong></span> <span class='ocrx_word' id='word_1_113' title='bbox 442 1992 654 2053; x_wconf 85' lang='lat' dir='ltr'><strong>missus</strong></span> <span class='ocrx_word' id='word_1_114' title='bbox 692 1993 755 2052; x_wconf 91' lang='lat' dir='ltr'><strong>in</strong></span> <span class='ocrx_word' id='word_1_115' title='bbox 790 1990 1131 2063; x_wconf 85' lang='lat' dir='ltr'><strong>Ruthenos,</strong></span> <span class='ocrx_word' id='word_1_116' title='bbox 1175 2010 1309 2051; x_wconf 88' lang='lat' dir='ltr'><strong>eam</strong></span> <span class='ocrx_word' id='word_1_117' title='bbox 1348 1990 1678 2063; x_wconf 79' lang='lat' dir='ltr'><strong>civitatem,</strong></span> <span class='ocrx_word' id='word_1_118' title='bbox 1719 1998 2122 2073; x_wconf 59' lang='lat' dir='ltr'><strong>praetereaque</strong></span> 
     </span>
     <span class='ocr_line' id='line_1_16' title="bbox 222 2086 2120 2171; baseline 0.001 -22"><span class='ocrx_word' id='word_1_119' title='bbox 222 2086 596 2168; x_wconf 78' lang='lat' dir='ltr'><strong>Nitiobriges</strong></span> <span class='ocrx_word' id='word_1_120' title='bbox 618 2097 681 2149; x_wconf 86' lang='lat' dir='ltr'><strong>et</strong></span> <span class='ocrx_word' id='word_1_121' title='bbox 706 2088 981 2150; x_wconf 85' lang='lat' dir='ltr'><strong>Gabalos</strong></span> <span class='ocrx_word' id='word_1_122' title='bbox 1002 2087 1451 2161; x_wconf 78' lang='lat' dir='ltr'><strong>conciliaverat,</strong></span> <span class='ocrx_word' id='word_1_123' title='bbox 1476 2098 1539 2149; x_wconf 86' lang='lat' dir='ltr'><strong>et</strong></span> <span class='ocrx_word' id='word_1_124' title='bbox 1564 2108 1868 2171; x_wconf 76' lang='lat' dir='ltr'><strong>erumpere</strong></span> <span class='ocrx_word' id='word_1_125' title='bbox 1895 2090 1958 2151; x_wconf 92' lang='lat' dir='ltr'><strong>in</strong></span> <span class='ocrx_word' id='word_1_126' title='bbox 1983 2110 2120 2171; x_wconf 90' lang='lat' dir='ltr'><strong>pro-</strong></span> 
     </span>
     <span class='ocr_line' id='line_1_17' title="bbox 218 2186 1193 2267; baseline 0.004 -22"><span class='ocrx_word' id='word_1_127' title='bbox 218 2186 472 2247; x_wconf 78' lang='lat' dir='ltr'><strong>vinciam</strong></span> <span class='ocrx_word' id='word_1_128' title='bbox 500 2186 845 2248; x_wconf 82' lang='lat' dir='ltr'><strong>Romanam</strong></span> <span class='ocrx_word' id='word_1_129' title='bbox 868 2186 1193 2267; x_wconf 76' lang='lat' dir='ltr'><strong>cogitabat.</strong></span> 
     </span>
    </p>

    <p class='ocr_par' dir='ltr' id='par_1_3' title="bbox 213 2282 2122 3044">
     <span class='ocr_line' id='line_1_18' title="bbox 292 2282 2122 2365; baseline 0.002 -22"><span class='ocrx_word' id='word_1_130' title='bbox 292 2288 393 2343; x_wconf 78' lang='lat'><strong>52.</strong></span> <span class='ocrx_word' id='word_1_131' title='bbox 434 2282 681 2346; x_wconf 86' lang='lat' dir='ltr'><strong>Idcirco</strong></span> <span class='ocrx_word' id='word_1_132' title='bbox 736 2282 941 2343; x_wconf 78' lang='lat' dir='ltr'><strong>Caesar</strong></span> <span class='ocrx_word' id='word_1_133' title='bbox 992 2283 1141 2344; x_wconf 85' lang='lat' dir='ltr'><strong>nihil</strong></span> <span class='ocrx_word' id='word_1_134' title='bbox 1186 2283 1489 2365; x_wconf 83' lang='lat' dir='ltr'><strong>antiquius</strong></span> <span class='ocrx_word' id='word_1_135' title='bbox 1539 2284 1774 2355; x_wconf 86' lang='lat' dir='ltr'><strong>habuit,</strong></span> <span class='ocrx_word' id='word_1_136' title='bbox 1825 2304 2006 2365; x_wconf 88' lang='lat' dir='ltr'><strong>quam</strong></span> <span class='ocrx_word' id='word_1_137' title='bbox 2049 2293 2122 2346; x_wconf 88' lang='lat' dir='ltr'><strong>ut</strong></span> 
     </span>
     <span class='ocr_line' id='line_1_19' title="bbox 218 2376 2122 2462; baseline 0.002 -24"><span class='ocrx_word' id='word_1_138' title='bbox 218 2376 591 2453; x_wconf 79' lang='lat' dir='ltr'><strong>Narbonem,</strong></span> <span class='ocrx_word' id='word_1_139' title='bbox 610 2379 1032 2462; x_wconf 85' lang='lat' dir='ltr'><strong>Tolosamque,</strong></span> <span class='ocrx_word' id='word_1_140' title='bbox 1054 2388 1119 2439; x_wconf 89' lang='lat' dir='ltr'><strong>et</strong></span> <span class='ocrx_word' id='word_1_141' title='bbox 1134 2378 1397 2461; x_wconf 87' lang='lat' dir='ltr'><strong>reliquas</strong></span> <span class='ocrx_word' id='word_1_142' title='bbox 1420 2381 1583 2441; x_wconf 82' lang='lat' dir='ltr'><strong>circa</strong></span> <span class='ocrx_word' id='word_1_143' title='bbox 1602 2380 1780 2441; x_wconf 81' lang='lat' dir='ltr'><strong>urbes</strong></span> <span class='ocrx_word' id='word_1_144' title='bbox 1799 2379 2122 2442; x_wconf 81' lang='lat' dir='ltr'><strong>confirma·</strong></span> 
     </span>
     <span class='ocr_line' id='line_1_20' title="bbox 213 2476 2117 2559; baseline 0.001 -22"><span class='ocrx_word' id='word_1_145' title='bbox 213 2484 320 2546; x_wconf 79' lang='lat' dir='ltr'><strong>ret,</strong></span> <span class='ocrx_word' id='word_1_146' title='bbox 344 2476 753 2558; x_wconf 75' lang='lat' dir='ltr'><strong>praesidiisque</strong></span> <span class='ocrx_word' id='word_1_147' title='bbox 778 2486 1107 2558; x_wconf 86' lang='lat' dir='ltr'><strong>opportune</strong></span> <span class='ocrx_word' id='word_1_148' title='bbox 1130 2476 1431 2559; x_wconf 81' lang='lat' dir='ltr'><strong>dispositis</strong></span> <span class='ocrx_word' id='word_1_149' title='bbox 1453 2477 1684 2537; x_wconf 85' lang='lat' dir='ltr'><strong>hostem</strong></span> <span class='ocrx_word' id='word_1_150' title='bbox 1699 2486 2117 2539; x_wconf 81' lang='lat' dir='ltr'><strong>summoveret.</strong></span> 
     </span>
     <span class='ocr_line' id='line_1_21' title="bbox 218 2572 2114 2648; baseline 0.002 -15"><span class='ocrx_word' id='word_1_151' title='bbox 218 2572 293 2633; x_wconf 90' lang='lat' dir='ltr'><strong>Id</strong></span> <span class='ocrx_word' id='word_1_152' title='bbox 316 2575 419 2635; x_wconf 92' lang='lat' dir='ltr'><strong>ubi</strong></span> <span class='ocrx_word' id='word_1_153' title='bbox 441 2574 701 2636; x_wconf 77' lang='lat' dir='ltr'><strong>feliciter</strong></span> <span class='ocrx_word' id='word_1_154' title='bbox 718 2584 781 2635; x_wconf 86' lang='lat' dir='ltr'><strong>et</strong></span> <span class='ocrx_word' id='word_1_155' title='bbox 804 2576 927 2635; x_wconf 81' lang='lat' dir='ltr'><strong>cito</strong></span> <span class='ocrx_word' id='word_1_156' title='bbox 952 2574 1232 2636; x_wconf 85' lang='lat' dir='ltr'><strong>effectum</strong></span> <span class='ocrx_word' id='word_1_157' title='bbox 1250 2584 1362 2648; x_wconf 86' lang='lat' dir='ltr'><strong>est,</strong></span> <span class='ocrx_word' id='word_1_158' title='bbox 1390 2575 1682 2636; x_wconf 84' lang='lat' dir='ltr'><strong>Cebenna</strong></span> <span class='ocrx_word' id='word_1_159' title='bbox 1703 2583 1906 2635; x_wconf 88' lang='lat' dir='ltr'><strong>monte</strong></span> <span class='ocrx_word' id='word_1_160' title='bbox 1925 2583 2114 2636; x_wconf 84' lang='lat' dir='ltr'><strong>trans-</strong></span> 
     </span>
     <span class='ocr_line' id='line_1_22' title="bbox 216 2668 2114 2753; baseline 0.002 -23"><span class='ocrx_word' id='word_1_161' title='bbox 216 2668 314 2743; x_wconf 81' lang='lat' dir='ltr'><strong>ito,</strong></span> <span class='ocrx_word' id='word_1_162' title='bbox 340 2671 401 2731; x_wconf 90' lang='lat' dir='ltr'><strong>in</strong></span> <span class='ocrx_word' id='word_1_163' title='bbox 448 2670 605 2732; x_wconf 87' lang='lat' dir='ltr'><strong>fines</strong></span> <span class='ocrx_word' id='word_1_164' title='bbox 650 2674 1059 2733; x_wconf 79' lang='lat' dir='ltr'><strong>Arvernorum</strong></span> <span class='ocrx_word' id='word_1_165' title='bbox 1096 2672 1397 2753; x_wconf 75' lang='lat' dir='ltr'><strong>pervenit3</strong></span> <span class='ocrx_word' id='word_1_166' title='bbox 1454 2671 1684 2749; x_wconf 67' lang='lat' dir='ltr'><strong>majore</strong></span> <span class='ocrx_word' id='word_1_167' title='bbox 1716 2678 1944 2741; x_wconf 87' lang='lat' dir='ltr'><strong>terrore</strong></span> <span class='ocrx_word' id='word_1_168' title='bbox 1977 2672 2114 2733; x_wconf 83' lang='lat' dir='ltr'><strong>hos-</strong></span> 
     </span>
     <span class='ocr_line' id='line_1_23' title="bbox 216 2767 2111 2850; baseline 0.001 -23"><span class='ocrx_word' id='word_1_169' title='bbox 216 2768 379 2838; x_wconf 88' lang='lat' dir='ltr'><strong>tium,</strong></span> <span class='ocrx_word' id='word_1_170' title='bbox 414 2777 645 2850; x_wconf 76' lang='lat' dir='ltr'><strong>quanto</strong></span> <span class='ocrx_word' id='word_1_171' title='bbox 682 2769 1051 2849; x_wconf 75' lang='lat' dir='ltr'><strong>inprovisior</strong></span> <span class='ocrx_word' id='word_1_172' title='bbox 1084 2768 1374 2831; x_wconf 80' lang='lat' dir='ltr'><strong>adventus</strong></span> <span class='ocrx_word' id='word_1_173' title='bbox 1414 2768 1627 2829; x_wconf 84' lang='lat' dir='ltr'><strong>fuerat.</strong></span> <span class='ocrx_word' id='word_1_174' title='bbox 1714 2769 1962 2849; x_wconf 81' lang='lat' dir='ltr'><strong>Quippe</strong></span> <span class='ocrx_word' id='word_1_175' title='bbox 1997 2767 2111 2829; x_wconf 90' lang='lat' dir='ltr'><strong>du-</strong></span> 
     </span>
     <span class='ocr_line' id='line_1_24' title="bbox 215 2864 2112 2946; baseline 0 -21"><span class='ocrx_word' id='word_1_176' title='bbox 215 2864 495 2926; x_wconf 73' lang='lat' dir='ltr'><strong>rimmum</strong></span> <span class='ocrx_word' id='word_1_177' title='bbox 522 2874 651 2926; x_wconf 84' lang='lat' dir='ltr'><strong>erat</strong></span> <span class='ocrx_word' id='word_1_178' title='bbox 674 2867 813 2925; x_wconf 90' lang='lat' dir='ltr'><strong>anni</strong></span> <span class='ocrx_word' id='word_1_179' title='bbox 839 2876 1090 2946; x_wconf 85' lang='lat' dir='ltr'><strong>tempus,</strong></span> <span class='ocrx_word' id='word_1_180' title='bbox 1118 2888 1239 2945; x_wconf 89' lang='lat' dir='ltr'><strong>quo</strong></span> <span class='ocrx_word' id='word_1_181' title='bbox 1259 2868 1443 2924; x_wconf 72' lang='lat' dir='ltr'><strong>tantis</strong></span> <span class='ocrx_word' id='word_1_182' title='bbox 1466 2866 1589 2944; x_wconf 87' lang='lat' dir='ltr'><strong>tegi</strong></span> <span class='ocrx_word' id='word_1_183' title='bbox 1612 2866 1847 2927; x_wconf 87' lang='lat' dir='ltr'><strong>nivibus</strong></span> <span class='ocrx_word' id='word_1_184' title='bbox 1874 2864 2112 2925; x_wconf 87' lang='lat' dir='ltr'><strong>Ceben·</strong></span> 
     </span>
     <span class='ocr_line' id='line_1_25' title="bbox 219 2959 2112 3044; baseline 0.001 -24"><span class='ocrx_word' id='word_1_185' title='bbox 219 2981 291 3021; x_wconf 86' lang='lat' dir='ltr'><strong>na</strong></span> <span class='ocrx_word' id='word_1_186' title='bbox 311 2963 483 3035; x_wconf 83' lang='lat' dir='ltr'><strong>solet,</strong></span> <span class='ocrx_word' id='word_1_187' title='bbox 512 2972 579 3022; x_wconf 90' lang='lat' dir='ltr'><strong>ut</strong></span> <span class='ocrx_word' id='word_1_188' title='bbox 614 2963 719 3024; x_wconf 85' lang='lat' dir='ltr'><strong>vix</strong></span> <span class='ocrx_word' id='word_1_189' title='bbox 757 2962 1053 3044; x_wconf 76' lang='lat' dir='ltr'><strong>expeditis</strong></span> <span class='ocrx_word' id='word_1_190' title='bbox 1084 2970 1147 3021; x_wconf 89' lang='lat' dir='ltr'><strong>et</strong></span> <span class='ocrx_word' id='word_1_191' title='bbox 1180 2959 1425 3040; x_wconf 79' lang='lat' dir='ltr'><strong>singulis</strong></span> <span class='ocrx_word' id='word_1_192' title='bbox 1459 2981 1533 3021; x_wconf 92' lang='lat' dir='ltr'><strong>eo</strong></span> <span class='ocrx_word' id='word_1_193' title='bbox 1568 2970 1834 3041; x_wconf 80' lang='lat' dir='ltr'><strong>tempore</strong></span> <span class='ocrx_word' id='word_1_194' title='bbox 1873 2962 2012 3021; x_wconf 92' lang='lat' dir='ltr'><strong>anni</strong></span> <span class='ocrx_word' id='word_1_195' title='bbox 2035 2962 2112 3022; x_wconf 83' lang='lat' dir='ltr'><strong>sit</strong></span> 
     </span>
    </p>
   </div>
   <div class='ocr_carea' id='block_1_3' title="bbox 220 3058 2109 3224">
    <p class='ocr_par' dir='ltr' id='par_1_4' title="bbox 220 3058 2109 3224">
     <span class='ocr_line' id='line_1_26' title="bbox 220 3058 580 3140; baseline 0.008 -23"><span class='ocrx_word' id='word_1_196' title='bbox 220 3058 580 3140; x_wconf 84' lang='lat' dir='ltr'><strong>superabilis.</strong></span> 
     </span>
     <span class='ocr_line' id='line_1_27' title="bbox 290 3154 2109 3224; baseline 0.001 -8"><span class='ocrx_word' id='word_1_197' title='bbox 290 3162 388 3216; x_wconf 79' lang='lat'><strong>53.</strong></span> <span class='ocrx_word' id='word_1_198' title='bbox 430 3155 622 3224; x_wconf 79' lang='lat' dir='ltr'><strong>Quod</strong></span> <span class='ocrx_word' id='word_1_199' title='bbox 646 3164 845 3217; x_wconf 87' lang='lat' dir='ltr'><strong>tamen</strong></span> <span class='ocrx_word' id='word_1_200' title='bbox 872 3154 1131 3217; x_wconf 89' lang='lat' dir='ltr'><strong>nondum</strong></span> <span class='ocrx_word' id='word_1_201' title='bbox 1158 3156 1305 3215; x_wconf 86' lang='lat' dir='ltr'><strong>satis</strong></span> <span class='ocrx_word' id='word_1_202' title='bbox 1324 3154 1403 3215; x_wconf 84' lang='lat' dir='ltr'><strong>ad</strong></span> <span class='ocrx_word' id='word_1_203' title='bbox 1431 3154 1660 3215; x_wconf 86' lang='lat' dir='ltr'><strong>bellum</strong></span> <span class='ocrx_word' id='word_1_204' title='bbox 1685 3155 1900 3217; x_wconf 79' lang='lat' dir='ltr'><strong>virium</strong></span> <span class='ocrx_word' id='word_1_205' title='bbox 1922 3158 2109 3218; x_wconf 84' lang='lat' dir='ltr'><strong>habe·</strong></span> 
     </span>
    </p>
   </div>
   <div class='ocr_carea' id='block_1_4' title="bbox 212 3252 2130 4403">
    <p class='ocr_par' dir='ltr' id='par_1_5' title="bbox 212 3252 2112 3996">
     <span class='ocr_line' id='line_1_28' title="bbox 218 3252 2112 3333; baseline 0.001 -21"><span class='ocrx_word' id='word_1_206' title='bbox 218 3252 333 3323; x_wconf 76' lang='lat' dir='ltr'><strong>bat,</strong></span> <span class='ocrx_word' id='word_1_207' title='bbox 346 3252 535 3313; x_wconf 85' lang='lat' dir='ltr'><strong>biduo</strong></span> <span class='ocrx_word' id='word_1_208' title='bbox 562 3261 843 3324; x_wconf 89' lang='lat' dir='ltr'><strong>moratus,</strong></span> <span class='ocrx_word' id='word_1_209' title='bbox 870 3273 995 3333; x_wconf 90' lang='lat' dir='ltr'><strong>quo</strong></span> <span class='ocrx_word' id='word_1_210' title='bbox 1014 3252 1603 3332; x_wconf 80' lang='lat' dir='ltr'><strong>Vercingentorigem</strong></span> <span class='ocrx_word' id='word_1_211' title='bbox 1630 3272 1710 3313; x_wconf 84' lang='lat' dir='ltr'><strong>ex</strong></span> <span class='ocrx_word' id='word_1_212' title='bbox 1739 3252 2112 3332; x_wconf 79' lang='lat' dir='ltr'><strong>Biturigibus</strong></span> 
     </span>
     <span class='ocr_line' id='line_1_29' title="bbox 222 3347 2107 3431; baseline 0 -20"><span class='ocrx_word' id='word_1_213' title='bbox 222 3353 553 3422; x_wconf 78' lang='lat' dir='ltr'><strong>attraheret,</strong></span> <span class='ocrx_word' id='word_1_214' title='bbox 566 3370 795 3410; x_wconf 85' lang='lat' dir='ltr'><strong>summa</strong></span> <span class='ocrx_word' id='word_1_215' title='bbox 812 3350 1119 3412; x_wconf 82' lang='lat' dir='ltr'><strong>celeritate</strong></span> <span class='ocrx_word' id='word_1_216' title='bbox 1140 3349 1465 3421; x_wconf 84' lang='lat' dir='ltr'><strong>Viennam,</strong></span> <span class='ocrx_word' id='word_1_217' title='bbox 1482 3347 1698 3409; x_wconf 91' lang='lat' dir='ltr'><strong>deinde</strong></span> <span class='ocrx_word' id='word_1_218' title='bbox 1723 3370 1828 3431; x_wconf 89' lang='lat' dir='ltr'><strong>per</strong></span> <span class='ocrx_word' id='word_1_219' title='bbox 1841 3348 2107 3411; x_wconf 83' lang='lat' dir='ltr'><strong>finesAE-</strong></span> 
     </span>
     <span class='ocr_line' id='line_1_30' title="bbox 220 3446 2109 3528; baseline 0.001 -21"><span class='ocrx_word' id='word_1_220' title='bbox 220 3446 451 3509; x_wconf 84' lang='lat' dir='ltr'><strong>duorum</strong></span> <span class='ocrx_word' id='word_1_221' title='bbox 480 3450 543 3508; x_wconf 89' lang='lat' dir='ltr'><strong>in</strong></span> <span class='ocrx_word' id='word_1_222' title='bbox 572 3448 865 3527; x_wconf 81' lang='lat' dir='ltr'><strong>Lingones</strong></span> <span class='ocrx_word' id='word_1_223' title='bbox 888 3448 1213 3509; x_wconf 79' lang='lat' dir='ltr'><strong>contendit.</strong></span> <span class='ocrx_word' id='word_1_224' title='bbox 1274 3446 1427 3507; x_wconf 89' lang='lat' dir='ltr'><strong>Inde</strong></span> <span class='ocrx_word' id='word_1_225' title='bbox 1454 3446 1545 3524; x_wconf 71' lang='lat' dir='ltr'><strong>ad</strong></span> <span class='ocrx_word' id='word_1_226' title='bbox 1558 3447 1824 3528; x_wconf 88' lang='lat' dir='ltr'><strong>reliquas</strong></span> <span class='ocrx_word' id='word_1_227' title='bbox 1847 3448 2109 3527; x_wconf 78' lang='lat' dir='ltr'><strong>legiones</strong></span> 
     </span>
     <span class='ocr_line' id='line_1_31' title="bbox 218 3542 2106 3626; baseline -0.001 -20"><span class='ocrx_word' id='word_1_228' title='bbox 218 3546 381 3618; x_wconf 76' lang='lat' dir='ltr'><strong>misit,</strong></span> <span class='ocrx_word' id='word_1_229' title='bbox 408 3554 595 3626; x_wconf 83' lang='lat' dir='ltr'><strong>atque</strong></span> <span class='ocrx_word' id='word_1_230' title='bbox 618 3547 707 3606; x_wconf 83' lang='lat' dir='ltr'><strong>ita</strong></span> <span class='ocrx_word' id='word_1_231' title='bbox 742 3566 820 3605; x_wconf 86' lang='lat' dir='ltr'><strong>ex</strong></span> <span class='ocrx_word' id='word_1_232' title='bbox 854 3544 1209 3606; x_wconf 86' lang='lat' dir='ltr'><strong>distantibus</strong></span> <span class='ocrx_word' id='word_1_233' title='bbox 1237 3542 1519 3625; x_wconf 80' lang='lat' dir='ltr'><strong>hybernis</strong></span> <span class='ocrx_word' id='word_1_234' title='bbox 1540 3554 1852 3606; x_wconf 80' lang='lat' dir='ltr'><strong>contracto</strong></span> <span class='ocrx_word' id='word_1_235' title='bbox 1875 3546 2106 3605; x_wconf 84' lang='lat' dir='ltr'><strong>exerci-</strong></span> 
     </span>
     <span class='ocr_line' id='line_1_32' title="bbox 216 3641 2107 3723; baseline 0.001 -22"><span class='ocrx_word' id='word_1_236' title='bbox 216 3650 293 3713; x_wconf 85' lang='lat' dir='ltr'><strong>tu,</strong></span> <span class='ocrx_word' id='word_1_237' title='bbox 335 3642 872 3704; x_wconf 85' lang='lat' dir='ltr'><strong>Vellaunodunum</strong></span> <span class='ocrx_word' id='word_1_238' title='bbox 916 3642 1137 3712; x_wconf 80' lang='lat' dir='ltr'><strong>movit3</strong></span> <span class='ocrx_word' id='word_1_239' title='bbox 1202 3642 1316 3701; x_wconf 86' lang='lat' dir='ltr'><strong>iter</strong></span> <span class='ocrx_word' id='word_1_240' title='bbox 1362 3650 1666 3723; x_wconf 86' lang='lat' dir='ltr'><strong>aperturus</strong></span> <span class='ocrx_word' id='word_1_241' title='bbox 1709 3642 1769 3702; x_wconf 88' lang='lat' dir='ltr'><strong>in</strong></span> <span class='ocrx_word' id='word_1_242' title='bbox 1821 3641 2107 3702; x_wconf 89' lang='lat' dir='ltr'><strong>Boiorum</strong></span> 
     </span>
     <span class='ocr_line' id='line_1_33' title="bbox 216 3737 2102 3822; baseline 0.001 -24"><span class='ocrx_word' id='word_1_243' title='bbox 216 3737 367 3811; x_wconf 81' lang='lat' dir='ltr'><strong>lines,</strong></span> <span class='ocrx_word' id='word_1_244' title='bbox 393 3760 659 3822; x_wconf 75' lang='lat' dir='ltr'><strong>quorum.</strong></span> <span class='ocrx_word' id='word_1_245' title='bbox 672 3738 959 3820; x_wconf 89' lang='lat' dir='ltr'><strong>oppidum</strong></span> <span class='ocrx_word' id='word_1_246' title='bbox 979 3738 1477 3818; x_wconf 78' lang='lat' dir='ltr'><strong>Vercingentorix</strong></span> <span class='ocrx_word' id='word_1_247' title='bbox 1502 3740 1904 3819; x_wconf 78' lang='lat' dir='ltr'><strong>oppugnabat.</strong></span> <span class='ocrx_word' id='word_1_248' title='bbox 1946 3738 2102 3799; x_wconf 91' lang='lat' dir='ltr'><strong>Vel-</strong></span> 
     </span>
     <span class='ocr_line' id='line_1_34' title="bbox 216 3834 2104 3917; baseline 0 -20"><span class='ocrx_word' id='word_1_249' title='bbox 216 3834 539 3899; x_wconf 79' lang='lat' dir='ltr'><strong>launoduno</strong></span> <span class='ocrx_word' id='word_1_250' title='bbox 566 3835 869 3897; x_wconf 88' lang='lat' dir='ltr'><strong>Senonum</strong></span> <span class='ocrx_word' id='word_1_251' title='bbox 894 3838 1049 3899; x_wconf 86' lang='lat' dir='ltr'><strong>intra</strong></span> <span class='ocrx_word' id='word_1_252' title='bbox 1082 3836 1337 3897; x_wconf 86' lang='lat' dir='ltr'><strong>triduum</strong></span> <span class='ocrx_word' id='word_1_253' title='bbox 1362 3845 1624 3917; x_wconf 78' lang='lat' dir='ltr'><strong>recepte,</strong></span> <span class='ocrx_word' id='word_1_254' title='bbox 1653 3834 1970 3897; x_wconf 85' lang='lat' dir='ltr'><strong>Genabum</strong></span> <span class='ocrx_word' id='word_1_255' title='bbox 1993 3858 2104 3899; x_wconf 63' lang='lat' dir='ltr'><strong>exa</strong></span> 
     </span>
     <span class='ocr_line' id='line_1_35' title="bbox 212 3934 691 3996; baseline 0 -1"><span class='ocrx_word' id='word_1_256' title='bbox 212 3935 410 3996; x_wconf 71' lang='lat' dir='ltr'><strong>ercinia</strong></span> <span class='ocrx_word' id='word_1_257' title='bbox 436 3934 691 3995; x_wconf 87' lang='lat' dir='ltr'><strong>ducitur.</strong></span> 
     </span>
    </p>

    <p class='ocr_par' dir='ltr' id='par_1_6' title="bbox 212 4029 2130 4403">
     <span class='ocr_line' id='line_1_36' title="bbox 280 4029 2096 4113; baseline -0.001 -21"><span class='ocrx_word' id='word_1_258' title='bbox 280 4038 375 4093; x_wconf 76' lang='lat'><strong>54.</strong></span> <span class='ocrx_word' id='word_1_259' title='bbox 420 4032 829 4103; x_wconf 85' lang='lat' dir='ltr'><strong>Genabenses,</strong></span> <span class='ocrx_word' id='word_1_260' title='bbox 858 4030 1019 4113; x_wconf 90' lang='lat' dir='ltr'><strong>quod</strong></span> <span class='ocrx_word' id='word_1_261' title='bbox 1039 4030 1265 4091; x_wconf 86' lang='lat' dir='ltr'><strong>diutius</strong></span> <span class='ocrx_word' id='word_1_262' title='bbox 1288 4030 1367 4091; x_wconf 84' lang='lat' dir='ltr'><strong>ad</strong></span> <span class='ocrx_word' id='word_1_263' title='bbox 1393 4029 1924 4092; x_wconf 80' lang='lat' dir='ltr'><strong>Vellaunodunum</strong></span> <span class='ocrx_word' id='word_1_264' title='bbox 1949 4052 2096 4113; x_wconf 89' lang='lat' dir='ltr'><strong>pug-</strong></span> 
     </span>
     <span class='ocr_line' id='line_1_37' title="bbox 212 4126 2104 4209; baseline 0.001 -22"><span class='ocrx_word' id='word_1_265' title='bbox 212 4137 397 4189; x_wconf 81' lang='lat' dir='ltr'><strong>natum</strong></span> <span class='ocrx_word' id='word_1_266' title='bbox 422 4130 493 4189; x_wconf 84' lang='lat' dir='ltr'><strong>iri</strong></span> <span class='ocrx_word' id='word_1_267' title='bbox 520 4137 896 4209; x_wconf 81' lang='lat' dir='ltr'><strong>putaverant,</strong></span> <span class='ocrx_word' id='word_1_268' title='bbox 914 4128 1189 4209; x_wconf 84' lang='lat' dir='ltr'><strong>imparati</strong></span> <span class='ocrx_word' id='word_1_269' title='bbox 1206 4128 1283 4193; x_wconf 77' lang='lat' dir='ltr'><strong>ad</strong></span> <span class='ocrx_word' id='word_1_270' title='bbox 1310 4126 1723 4199; x_wconf 83' lang='lat' dir='ltr'><strong>resistendum,</strong></span> <span class='ocrx_word' id='word_1_271' title='bbox 1737 4136 1916 4188; x_wconf 88' lang='lat' dir='ltr'><strong>noctu</strong></span> <span class='ocrx_word' id='word_1_272' title='bbox 1937 4137 2104 4190; x_wconf 80' lang='lat' dir='ltr'><strong>trans</strong></span> 
     </span>
     <span class='ocr_line' id='line_1_38' title="bbox 216 4222 2098 4306; baseline 0 -21"><span class='ocrx_word' id='word_1_273' title='bbox 216 4224 453 4305; x_wconf 80' lang='lat' dir='ltr'><strong>Ligerim</strong></span> <span class='ocrx_word' id='word_1_274' title='bbox 480 4234 781 4287; x_wconf 83' lang='lat' dir='ltr'><strong>tentarunt</strong></span> <span class='ocrx_word' id='word_1_275' title='bbox 808 4226 1050 4304; x_wconf 79' lang='lat' dir='ltr'><strong>fugam:</strong></span> <span class='ocrx_word' id='word_1_276' title='bbox 1091 4222 1196 4286; x_wconf 88' lang='lat' dir='ltr'><strong>sed</strong></span> <span class='ocrx_word' id='word_1_277' title='bbox 1226 4224 1431 4285; x_wconf 82' lang='lat' dir='ltr'><strong>Caesar</strong></span> <span class='ocrx_word' id='word_1_278' title='bbox 1454 4224 1605 4285; x_wconf 89' lang='lat' dir='ltr'><strong>duas</strong></span> <span class='ocrx_word' id='word_1_279' title='bbox 1638 4224 1920 4305; x_wconf 87' lang='lat' dir='ltr'><strong>legiones,</strong></span> <span class='ocrx_word' id='word_1_280' title='bbox 1948 4244 2098 4306; x_wconf 84' lang='lat' dir='ltr'><strong>quas</strong></span> 
     </span>
     <span class='ocr_line' id='line_1_39' title="bbox 212 4320 2130 4403; baseline -0.002 -18"><span class='ocrx_word' id='word_1_281' title='bbox 212 4332 429 4400; x_wconf 72' lang='lat' dir='ltr'><strong>paratas</strong></span> <span class='ocrx_word' id='word_1_282' title='bbox 465 4325 523 4384; x_wconf 91' lang='lat' dir='ltr'><strong>in</strong></span> <span class='ocrx_word' id='word_1_283' title='bbox 560 4322 717 4385; x_wconf 85' lang='lat' dir='ltr'><strong>hunc</strong></span> <span class='ocrx_word' id='word_1_284' title='bbox 758 4342 925 4383; x_wconf 88' lang='lat' dir='ltr'><strong>usum</strong></span> <span class='ocrx_word' id='word_1_285' title='bbox 951 4330 1244 4396; x_wconf 86' lang='lat' dir='ltr'><strong>tenuerat,</strong></span> <span class='ocrx_word' id='word_1_286' title='bbox 1268 4322 1521 4383; x_wconf 86' lang='lat' dir='ltr'><strong>incensis</strong></span> <span class='ocrx_word' id='word_1_287' title='bbox 1560 4321 1768 4403; x_wconf 88' lang='lat' dir='ltr'><strong>portis,</strong></span> <span class='ocrx_word' id='word_1_288' title='bbox 1803 4320 2095 4384; x_wconf 81' lang='lat' dir='ltr'><strong>intromit—</strong></span> <span class='ocrx_word' id='word_1_289' title='bbox 2123 4396 2130 4401; x_wconf 37' lang='grc'><strong>,</strong></span> 
     </span>
    </p>
   </div>
   <div class='ocr_carea' id='block_1_5' title="bbox 2184 1140 2536 1255">
    <p class='ocr_par' dir='ltr' id='par_1_7' title="bbox 2184 1140 2536 1255">
     <span class='ocr_line' id='line_1_40' title="bbox 2184 1140 2536 1255; baseline 0.009 -17"><span class='ocrx_word' id='word_1_290' title='bbox 2184 1188 2292 1241; x_wconf 79' lang='lat' dir='ltr'><strong>Liv.</strong></span> <span class='ocrx_word' id='word_1_291' title='bbox 2311 1140 2452 1255; x_wconf 71' lang='lat' dir='ltr'><strong>1I‘lpit·</strong></span> <span class='ocrx_word' id='word_1_292' title='bbox 2529 1202 2536 1211; x_wconf 88' lang='lat'>·</span> 
     </span>
    </p>
   </div>
   <div class='ocr_carea' id='block_1_6' title="bbox 3225 4228 3231 4792">
    <p class='ocr_par' dir='ltr' id='par_1_8' title="bbox 3225 4228 3231 4792">
     <span class='ocr_line' id='line_1_41' title="bbox 3225 4228 3231 4792; baseline 0 0"><span class='ocrx_word' id='word_1_293' title='bbox 3225 4228 3231 4792; x_wconf 95' lang='lat' dir='ltr'><strong> </strong></span> 
     </span>
    </p>
   </div>
  </div>
 </body>
</html>
