3300 5234
946 601 1155 649 mnu!
1207 601 1373 648 0111.
1417 599 2066 651 SUPPLRMRNTUM.
2443 587 2620 654 m

390 753 409 781 ‘
426 745 509 807 ad
532 765 712 826 quem
748 742 905 804 ultro
938 741 1214 824 quaedam
1240 743 1316 804 de
1352 742 1461 804 illa
1498 744 1908 823 conjuratione
1941 742 2294 817 detulisset?

393 845 593 906 effecit
616 863 691 902 ne
728 842 971 922 praemia
1012 841 1199 902 Curio
1236 841 1543 902 darentur.
1625 840 1922 913 Vettium,
1955 841 2296 922 pignoribus

386 942 577 1023 captis
600 949 663 1000 et
680 938 916 1019 direpta
937 937 1329 1020 supellectile,
1358 938 1517 998 male
1535 938 1910 1010 mulctatum,
1954 946 2016 997 et
2046 959 2152 1019 pro
2169 959 2292 1000 ros-

384 1041 489 1098 tris
514 1039 573 1098 in
612 1037 899 1098 concione
937 1057 1103 1117 paeue
1138 1035 1518 1118 discerptum,
1562 1037 1820 1116 conjecit
1859 1037 1920 1096 in
1959 1055 2290 1098 carcerem:
2417 1113 2422 1118 ι

383 1136 593 1196 eodem
644 1145 709 1196 et
756 1143 1117 1216 quaestorem·
1158 1133 1452 1205 Novium,
1496 1133 1656 1215 quod
1703 1137 1988 1214 majorem
2031 1136 2192 1216 apud
2230 1155 2292 1196 se

381 1243 737 1316 potestatem
760 1232 1107 1313 compellari
1134 1253 1339 1314 passus
1362 1241 1536 1292 emet.
1618 1232 1730 1292 Ab
1749 1231 1958 1292 eodem
1981 1233 2206 1295 indicio
2231 1243 2296 1294 et
2319 1245 2438 1297 Dio.

382 1354 487 1414 per
514 1331 761 1393 Italiam
798 1330 989 1391 multa
1028 1329 1345 1392 solicitudo
1378 1330 1614 1390 extitit:
1659 1328 1802 1389 dum
1837 1331 2017 1390 etiam
2043 1331 2148 1412 qui
2175 1351 2292 1392 non

379 1440 550 1491 erant
568 1431 881 1500 nominati,
908 1449 983 1488 ne
1002 1437 1217 1501 essent,
1240 1437 1527 1498 metuunt,
1554 1436 1662 1488 aut
1686 1428 1938 1488 aliorum
1961 1429 2294 1509 suspicione

382 1537 745 1589 notarentur.
830 1526 1071 1588 Idcirco
1092 1535 1353 1597 senatus,
1381 1525 1692 1607 publicata
1717 1523 1918 1585 Vettii
1944 1525 2174 1598 tabula,
2201 1547 2292 1588 se·

380 1627 695 1686 cur-itatem
728 1625 945 1685 ceteris
978 1633 1041 1684 et
1078 1625 1341 1706 quietem
1378 1623 1672 1704 praestitit.
1756 1621 1852 1684 At
1877 1625 1982 1702 qui
2009 1626 2296 1686 nominati

382 1731 575 1793 erant,
604 1722 805 1786 vocati
834 1723 895 1782 in
911 1721 1233 1801 judicium,
1252 1728 1317 1782 et
1342 1728 1681 1802 praesentes,
1719 1720 1992 1780 absentes
2013 1721 2292 1782 condem-

382 1821 505 1880 nati
532 1829 691 1880 mut.

462 1923 563 1978 12.
607 1916 751 1978 Nec
792 1917 1101 1978 desinebat
1140 1914 1489 1978 Ciceronem
1532 1935 1812 1976 accusare
1843 1913 2078 1996 Nepos,
2121 1935 2294 1978 sena-

380 2023 501 2074 tum
524 2014 767 2094 oblique
780 2023 1013 2096 petens,
1033 2014 1133 2074 cui
1152 2013 1411 2094 negabat
1435 2014 1802 2094 permissum,
1839 2013 2062 2093 injussu
2088 2015 2294 2096 populi

381 2113 571 2172 civem
608 2111 905 2173 occidere.
992 2110 1273 2172 Ceterum
1308 2110 1470 2172 facto
1502 2110 2026 2182 senatusconsulto,
2056 2121 2074 2148 ‘
2095 2132 2168 2172 ne
2193 2113 2294 2172 cui

380 2209 721 2288 pestilentes
762 2216 827 2269 et
870 2210 931 2268 in
962 2209 1371 2288 conjuratione
1404 2207 1802 2289 deprehensos
1829 2227 2066 2268 necasse
2095 2207 2294 2268 fraudi

380 2305 577 2378 soret,'
602 2306 951 2386 additoque,
995 2315 1013 2342 ⁶
1036 2307 1089 2365 si
1114 2306 1247 2387 quis
1268 2315 1479 2366 contra
1502 2306 1631 2365 baec
1659 2305 1987 2386 periculum
2009 2307 2292 2386 cuiquam

378 2403 557 2474 faxit,
579 2423 716 2464 eum
743 2403 973 2464 senatui
1000 2421 1109 2483 pro
1136 2401 1303 2462 hoste
1328 2401 1593 2490 futurum
1616 2402 1667 2471 ;'
1693 2402 1806 2462 ista
1823 2401 2122 2462 calumnia
2141 2402 2296 2464 citra

380 2503 664 2581 majorem
710 2500 1031 2562 tumultum
1074 2501 1436 2580 conquievit.

460 2607 559 2660 13.
605 2599 731 2660 Illa
752 2599 991 2662 Metelli
1014 2597 1279 2678 ejusdem
1304 2597 1535 2677 rogatio
1552 2599 1849 2658 maximas
1873 2597 2078 2657 turbas
2099 2593 2293 2667 dedit,

376 2715 497 2776 qua
511 2701 540 2728 ²
586 2697 920 2779 Pompeius
944 2717 1067 2758 una
1088 2716 1223 2757 cum
1244 2697 1510 2757 exercitu
1538 2695 1618 2758 ad
1640 2685 2110 2756 constituendam
2139 2713 2290 2754 rem-

374 2793 679 2873 publicam
718 2795 1064 2856 vocabatur.
1150 2793 1299 2854 Hoc
1342 2793 1603 2854 maxime
1644 2791 1826 2854 modo
1869 2791 2176 2852 Ciceronis
2227 2811 2290 2852 se
2315 2809 2448 2862 Plut.
2471 2810 2576 2862 cic.

375 2892 701 2969 potentiam
740 2891 1089 2952 infr-acturos
1112 2891 1413 2963 rebantur,
1450 2891 1541 2952 uti
1574 2888 1894 2951 salutarem
1919 2888 2288 2970 reipublicae,

374 2986 461 3045 ita
504 2988 883 3048 novatoribus
928 2988 1339 3070 importunam.
1443 2986 1702 3047 Metello
1741 2987 1893 3046 inter
1939 2985 2287 3067 pertinacis·
2349 2977 2548 3026 Sueton.

2315 3041 2440 3092 Ces.
2463 3057 2508 3092 c.
2535 3045 2616 3092 10.

374 3084 551 3144 simos
582 3093 1049 3166 propugnatores
1091 3084 1167 3145 C.
1211 3085 1419 3146 Caesar
1465 3084 1716 3145 aderat:
1762 3092 1992 3164 patrum
2034 3083 2292 3142 seniores
2311 3106 2432 3158 Dio.

374 3184 757 3254 resistebantg
798 3191 865 3244 et
886 3183 1279 3264 amplissimus
1304 3183 1555 3264 quisque
1574 3183 1857 3242 maxime.
1928 3180 2054 3240 His
2079 3178 2290 3239 firmis-
2315 3173 2448 3222 Plnt.
2464 3171 2572 3222 cic.

2345 3237 2476 3287 Plut.
2500 3237 2610 3288 Cat.

374 3281 581 3340 simum
610 3280 949 3362 praeeidium
975 3281 1037 3341 in
1062 3281 1263 3341 animo
1292 3279 1543 3340 Catonis
1574 3288 1740 3340 erat:
1783 3279 1886 3360 qui
1901 3281 2038 3358 jam
2063 3298 2102 3336 a
2127 3277 2288 3359 prin·
2313 3305 2462 3352 «μη,

370 3377 529 3457 cipio
556 3377 801 3438 Metelli
825 3378 1077 3458 provisis
1111 3377 1395 3449 consiliiS,
1440 3397 1557 3437 non
1598 3375 1720 3437 alia
1749 3374 1826 3436 de
1861 3395 2066 3445 causa,
2107 3392 2288 3455 quam
2347 3365 2452 3416 cic.
2473 3381 2559 3430 1²¹⁰

372 3483 441 3534 ut
463 3475 555 3534 bis
576 3485 932 3547 occurreret,
958 3477 1321 3536 tribunatum
1347 3477 1620 3556 petierat.
1755 3529 1762 3536 .

452 3577 553 3631 14.
598 3571 779 3632 Forte
820 3593 961 3634 cum
1004 3573 1213 3632 amicis
1258 3571 1614 3653 quibusdam
1661 3581 1724 3632 et
1761 3570 2048 3631 librorum
2089 3569 2286 3650 supel-
2311 3594 2441 3656 pm,

370 3665 573 3728 iectile
608 3667 1095 3750 proficiscebatur
1128 3671 1187 3729 iu
1228 3669 1577 3739 Lucaniam,
1620 3667 1722 3726 ubi
1751 3666 1976 3748 praedia
2001 3686 2118 3726 non
2144 3685 2286 3726 con-

370 3766 691 3827 temnenda
732 3765 1121 3848 possidebat:
1162 3787 1323 3834 cum,
1362 3769 1774 3846 jumentorum
1813 3764 2288 3842 sarcinarumque

370 3871 437 3922 et
457 3883 755 3924 servorum
776 3884 994 3945 mag-na
1010 3862 1383 3924 multitudine
1404 3863 1607 3934 obvia,
1638 3862 1962 3924 Metellum
1978 3858 2288 3940 Nepotem

368 3961 429 4019 in
462 3959 693 4021 Urbem
718 3961 801 4021 ire
839 3961 1075 4032 didicit,
1118 3961 1455 4022 tribunatus
1486 3959 1726 4042 petendi
1767 3977 1966 4019 causa.
2053 3954 2290 4016 Idcirco

365 4075 503 4116 cum
530 4057 827 4139 paulisper
850 4058 1162 4118 restitisset
1193 4055 1652 4136 cogitabundus,
1686 4055 1972 4136 praecepit
2003 4054 2124 4114 suis
2147 4072 2286 4112 con-

365 4163 597 4214 vertere
621 4155 753 4216 iter.
840 4154 1205 4215 Mirantibus
1240 4155 1345 4234 qui
1372 4153 1643 4225 aderant,
1687 4162 1706 4190 ⁶
1739 4150 1889 4212 Non
1915 4149 2288 4228 intelligitis,'

368 4251 583 4332 inquit,
628 4262 646 4289 ‘
690 4251 1083 4313 stoliditatem
1127 4251 1367 4312 Metelli
1407 4251 1581 4311 bonis
1623 4249 1782 4310 ultro
1823 4247 2283 4318 formidabilem,

2313 3431 2446 3482 Mur.
2465 3447 2513 3482 e·
2533 3435 2616 3482 ³8.

762 4473 795 4520 ²
832 4470 939 4528 Quo
964 4485 1061 4535 pro
1078 4485 1170 4536 qua
1200 4470 1476 4534 legebatur
1499 4475 1621 4520 ante
1644 4467 1806 4519 Crev.
