3300 5234
760 576 763 579 ’
860 588 1072 641 unm
1118 588 1366 639 cxvn.
1410 548 2073 639 surrnsnnnruu.
2399 563 2577 633 6899

338 735 527 797 ercitu
554 751 929 815 progressum
966 734 1147 795 ambo
1181 733 1359 795 simul
1390 734 1619 814 junctis
1648 732 1843 814 copiis
1883 729 2250 793 invaderent.

338 829 467 892 Sed
492 832 757 911 cognito,
791 830 901 892 hos
925 832 1075 892 inter
1108 852 1173 892 se
1208 832 1551 892 commissos
1575 850 1700 890 esse
1728 830 1903 901 serio,
1931 850 2050 889 non
2075 827 2250 889 dubi·
2378 823 2384 829 ’

340 936 479 989 tans
502 928 791 989 acriorem
816 948 895 988 ex
922 927 1153 989 duobus
1178 928 1340 1009 prius
1379 925 1830 1009 opprimendum
1869 946 2018 996 esse,
2060 925 2254 985 Bruto

342 1023 639 1085 auxilium
684 1023 837 1085 ferre
886 1045 1005 1085 non
1048 1024 1319 1085 distulit:
1376 1023 1615 1085 sublato
1655 1023 1952 1096 Antonio,
1997 1023 2079 1085 ab
2123 1026 2254 1105 ejus

341 1121 589 1199 segnitie
615 1120 780 1182 haud
806 1121 1051 1203 perinde
1076 1130 1361 1183 metuens.

426 1223 527 1278 55.
572 1214 715 1277 Nec
740 1218 897 1278 enim
922 1218 1391 1279 contemnendus
1424 1224 1553 1277 erat
1578 1212 1898 1297 imperator
1921 1213 2250 1288 Antonius,

340 1320 408 1372 et
439 1312 661 1374 viribus
704 1313 867 1374 haud
910 1313 1253 1395 spernendis
1291 1314 1608 1376 nitebatur.
1692 1312 1930 1373 Praeter
1959 1320 2252 1373 recentem
2275 1314 2492 1380 Appiam.

340 1407 643 1469 delectum
678 1418 797 1469 tres
831 1409 1095 1470 habebat
1140 1409 1403 1490 legiones
1440 1408 1895 1479 Macedonicam
1937 1417 2000 1469 et
2022 1416 2252 1469 vetera·
2346 1454 2352 1461 .

340 1526 551 1567 norum
576 1528 841 1580 manum,
878 1529 1085 1570 senum
1108 1508 1375 1590 quidem,
1400 1507 1505 1569 sed
1544 1510 1607 1568 in
1644 1508 1860 1589 quibus
1893 1506 2080 1589 duplo
2119 1508 2256 1589 plns

340 1604 572 1664 roboris
612 1626 797 1685 quam
841 1606 901 1665 in
942 1606 1236 1667 tironibus
1278 1613 1451 1666 esset.
1536 1604 1847 1665 Praeterea
1887 1603 2152 1685 Lepidus
2191 1612 2256 1665 et

344 1698 595 1760 Asinius
620 1701 681 1759 in
708 1700 1051 1782 Hispaniis,
1080 1699 1196 1783 ille,
1218 1721 1353 1761 cum
1402 1710 1680 1781 quatuor,
1714 1699 1928 1761 Pollio
1949 1720 2087 1761 cum
2111 1699 2256 1761 dua-

342 1794 458 1856 bus
482 1796 833 1875 legionibus,
858 1806 923 1859 et
944 1818 1083 1859 cum
1106 1798 1298 1859 tribus
1320 1798 1382 1858 in
1408 1796 1688 1857 ulteriore
1726 1796 1938 1857 Gallia
1961 1796 2032 1857 L.
2059 1796 2256 1857 Plan-

340 1912 471 1965 cus,
497 1894 659 1954 haud
678 1893 859 1955 alieni
886 1915 925 1955 a
954 1896 1225 1977 partibus
1248 1894 1627 1957 videbantur.

427 1996 529 2051 66.
574 1990 803 2063 Caesar,
828 2000 1043 2072 praeter
1070 1991 1360 2051 Martiam
1384 1999 1449 2051 et
1473 1998 1746 2071 quartam
1771 1989 2054 2069 legiones,
2079 2008 2256 2051 unam

345 2085 611 2147 habebat
632 2088 910 2159 tironum,
930 2096 1344 2149 veteranorum
1360 2088 1533 2159 duas,
1551 2086 1658 2147 sed
1679 2086 1983 2168 suppletas
2005 2106 2083 2147 ex
2104 2107 2259 2148 novo

346 2182 608 2245 delectu.
692 2183 821 2244 His
864 2182 1097 2243 Albam
1142 2186 1457 2245 convenire
1481 2184 1688 2263 jussis,
1729 2184 1962 2245 senatui
1999 2185 2258 2265 scripsit,

343 2278 527 2359 bnjus
568 2280 977 2341 auctoritatem
1004 2282 1254 2341 maximi
1294 2281 1491 2343 facere
1529 2282 1836 2353 simulam,
1877 2280 2258 2362 delatumque

346 2376 427 2435 ab
452 2376 717 2437 exercitu
760 2377 1065 2448 honorem,
1108 2385 1179 2437 ut
1220 2398 1327 2459 pro
1372 2386 1621 2459 praetore
1657 2377 1962 2458 imperium
1989 2376 2258 2450 haberet,

346 2492 467 2533 non
496 2474 749 2555 accepit.
834 2472 957 2534 Sed
992 2494 1129 2535 cum
1176 2474 1315 2535 duae
1355 2474 1641 2555 legiones,
1679 2494 1815 2555 quae
1858 2474 1936 2535 ab
1987 2473 2258 2536 Antonio

345 2568 759 2641 discesserant,
788 2569 941 2630 inter
962 2590 1027 2630 se
1053 2570 1134 2630 ad
1156 2570 1536 2631 simulacrum
1570 2591 1788 2652 pugnae
1809 2571 2258 2643 concurrissent,

346 2664 693 2745 spectaculo
730 2662 1087 2739 delectatus,
1122 2674 1207 2739 et,
1254 2666 1461 2728 oblata
1504 2667 1885 2729 liberalitatis
1921 2670 2258 2740 occasione,

350 2760 563 2822 iterum
582 2762 907 2842 quingenos
932 2762 1207 2824 denarios
1222 2760 1253 2803 ⁶
1266 2786 1293 2816 ι
1314 2762 1558 2825 divisit:
1602 2764 1789 2845 quina
1810 2764 2001 2825 millia
2023 2764 2258 2845 pollici·
2297 2762 2308 2775 ⁰

348 2866 467 2930 tus,
498 2858 627 2930 ubi,
666 2878 729 2919 re
756 2858 835 2919 ad
862 2858 1133 2940 proelium
1167 2858 1449 2932 deducta,
1481 2858 1694 2921 fortem
1733 2858 2092 2941 fidelemque
2117 2881 2260 2942 ope-

352 2974 480 3014 ram
508 2955 903 3017 navavissent.
988 2954 1095 3017 Sic
1136 2956 1417 3017 excitatis
1456 2955 1746 3017 militibus
1783 2958 1927 3030 suis,
1955 2966 2018 3018 et
2060 2976 2264 3039 sparsa
2379 2938 2388 2950 ⁸

350 3050 735 3130 largitionum
760 3052 949 3125 fama,
980 3052 1278 3114 insecutus
1297 3053 1660 3125 Antonium,
1687 3054 1750 3114 in
1775 3054 1984 3115 itinere
2011 3057 2260 3135 equites,
2318 3079 2427 3131 cic.
2442 3078 2574 3129 Phil.

349 3149 706 3228 sagittarios,
726 3150 1074 3232 elephantos
1098 3148 1256 3231 illius
1280 3150 1509 3230 redegit
1532 3152 1593 3210 in
1618 3160 1996 3231 potestatem,
2019 3153 2262 3214 minime
2285 3148 2444 3257 gig*-

352 3254 767 3325 repugnantes,
797 3245 960 3328 quod
985 3246 1291 3307 Antonius
1326 3246 1579 3319 Suessae,
1614 3256 1679 3307 et
1711 3249 1930 3328 passim
1969 3248 2263 3310 incastris
2319 3244 2428 3324 cic.
2450 3273 2584 3327 Phil.

352 3341 709 3403 trucidando
748 3343 853 3424 qui
886 3344 943 3403 ei
982 3345 1241 3426 suspecti
1284 3354 1481 3417 erant,
1524 3345 1752 3405 animos
1788 3344 2044 3409 militum
2081 3348 2261 3409 vehe—
2285 3355 2306 3388 ¹
2311 3355 2364 3391 v.
2385 3344 2438 3391 ²·

355 3448 586 3501 menter
612 3439 997 3502 alienaverat.
2283 3436 2401 3488 Liv.
2421 3436 2556 3501 Epit.

436 3542 538 3599 57.
573 3534 705 3597 Sed
751 3534 1073 3609 Antonius,
1116 3535 1309 3597 missis
1347 3535 1425 3596 ad
1466 3536 1722 3609 Brutum
1747 3536 2062 3613 codicillis,
2085 3539 2262 3601 dece-
2286 3549 2504 3617 Appiam.

354 3630 495 3693 dere
524 3634 785 3714 jubebat
808 3634 1137 3715 provincia,
1163 3654 1287 3714 quo
1325 3642 1389 3693 et
1412 3633 1726 3714 plebiscito
1763 3646 1996 3715 gereret
2017 3658 2261 3712 morem,

356 3738 419 3789 et
442 3730 553 3791 sibi
583 3741 870 3811 parceret.
953 3732 1179 3792 Brutus
1224 3739 1435 3792 contra
1468 3732 2040 3801 senatusconsultum
2080 3736 2260 3808 misit,

356 3846 477 3906 quo
512 3828 624 3907 ipsi
664 3827 813 3889 data
851 3836 983 3889 erat
1023 3827 1255 3888 Gallia.
1335 3826 1493 3887 Tum
1520 3828 1826 3891 Antonius
1849 3830 2007 3889 diem
2033 3832 2262 3912 praesti-

358 3922 495 3997 tuit,
518 3924 673 3985 intra
698 3944 877 4006 quam
906 3926 1016 3985 nisi
1040 3923 1409 3997 decessisset,
1436 3945 1543 4005 pro
1561 3925 1732 3985 hoste
1752 3926 2084 3989 haberetur.
2127 3926 2262 3988 Ne-

424 4112 458 4157 6
492 4106 583 4157 Ita
602 4120 669 4157 ex
685 4106 915 4172 Appisn.
928 4106 1097 4159 edidit
1116 4106 1271 4159 Crev.
1334 4107 1402 4158 In
1424 4108 1548 4158 edd.
1572 4106 1756 4173 priors.
1773 4108 1968 4175 legitur
1987 4124 2222 4161 summos.

1271 4236 1320 4257 00
1325 4235 1507 4257 000000

425 4340 450 4367 ⁸
483 4332 761 4395 Quingeuos
788 4331 1034 4399 marios]
1067 4332 1279 4384 mareas
1350 4334 1609 4385 nariornm
1632 4340 1756 4383 snut
1789 4348 1982 4387 marce
2007 4344 2266 4391 nostrates

362 4398 569 4462 argenti
612 4406 869 4449 nostrates
914 4402 963 4449 7.
1011 4398 1193 4448 uncias
1228 4404 1281 4449 6.
1349 4404 1436 4452 78.
1468 4400 1621 4451 uncis
1643 4404 1692 4449 1.
1715 4402 1862 4453 Creo.

361 4464 676 4516 semunciam
716 4468 762 4515 l.
802 4464 964 4521 Quina
1002 4463 1154 4514 millia
1190 4463 1281 4515 de-
