3300 5234
858 571 1061 620 ιιιιιιι
1116 570 1279 619 οιιι.
1324 569 1976 621 surranum-trun.
2357 555 2530 626 4967

295 725 421 782 toto
444 715 715 778 exercitu
740 717 951 788 movit,
976 717 1361 797 obsessosque
1400 715 1619 788 hostes,
1657 722 1870 797 proeter
1897 713 2205 794 Catugna-

300 827 448 885 tum,
476 816 537 874 in
566 813 933 874 deditionem
952 813 1193 895 reeepit.

368 919 475 972 40.
522 909 691 969 Dum
731 910 863 969 haee
906 917 1209 988 geruntur,
1262 907 1480 969 Romae
1526 907 1906 968 comitiorum
1939 907 2208 969 fervebat
2262 940 2368 992 σε.
2391 945 2452 992 ,d

294 1009 579 1076 ambitus,
616 1026 733 1066 non
762 1006 889 1066 sine
914 1007 1083 1085 gravi
1106 1005 1290 1086 eulpa
1314 1005 1621 1086 Pompeii,
1648 1005 1754 1085 qui
1777 1015 1848 1066 nt
1881 1004 2204 1066 Afranium
2233 1005 2377 1056 Atta
2382 1014 2496 1061 ..1⁶

292 1103 733 1183 Metellumqne
772 1101 1045 1163 eonsules
1084 1101 1366 1172 efficeret,
1411 1102 1725 1182 largitione
1767 1103 1978 1182 magis,
2023 1121 2202 1182 quam
2227 1102 2330 1152 Dio
2333 1105 2498 1156 ..Plan

291 1200 390 1262 vel
419 1202 804 1272 auctoritate,
831 1199 931 1260 vel
972 1200 1165 1279 gratia
1188 1199 1511 1280 pugnabat.
1598 1197 1676 1259 In
1718 1219 1792 1260 eo
1829 1199 2066 1278 negotio
2107 1198 2202 1258 Μ.
2229 1168 2412 1312 1)ζῖᾗέ

292 1297 525 1360 Pisone
562 1295 805 1358 consule
834 1298 923 1356 uti
960 1295 1332 1358 credebatur.
1415 1295 1643 1356 Contra
1681 1295 1812 1356 haec
1835 1305 1959 1356 tam
1994 1294 2206 1356 adulta
2261 1299 2320 1350 ci
2304 1316 2368 1352 ιο.

289 1395 441 1456 vitia
457 1415 671 1475 parum
695 1402 803 1454 aut
826 1394 1127 1454 veteribus
1145 1393 1399 1472 legibus,
1420 1401 1527 1454 aut
1552 1394 1722 1453 novis
1749 1391 2076 1474 profectum
2095 1400 2205 1452 est.

292 1489 467 1552 Nam
513 1490 713 1552 Lnreo
752 1489 1022 1550 tribunus
1066 1488 1259 1571 plebis
1296 1489 1374 1550 de
1418 1490 1645 1550 ambitu
1691 1489 1920 1550 ferebat
1955 1489 2070 1550 hoc
2099 1509 2204 1549 no-

292 1609 457 1661 vum,
502 1598 521 1624 ‘
541 1599 617 1648 ut
640 1588 743 1668 qui
769 1607 1039 1650 nummos
1079 1587 1141 1647 in
1178 1588 1333 1648 tribu
1380 1583 1825 1669 pronuntiarit?
1866 1587 1918 1647 si
1957 1607 2074 1648 non
2099 1587 2206 1648 de-

292 1683 477 1756 derit,
522 1686 759 1765 impune
784 1685 902 1744 sit:
942 1684 1035 1744 siu
1059 1683 1315 1756 dederit,
1356 1694 1445 1755 ut,
1486 1683 1690 1764 quoad
1731 1685 1922 1755 vivat,
1965 1683 2208 1762 sing-ulis

292 1783 573 1842 tribubus
608 1783 943 1842 sestertium
986 1791 1157 1844 terna
1194 1775 1415 1844 millia¹
1462 1781 1723 1842 debeat.'
1803 1779 1926 1842 Sed
1967 1781 2204 1842 minime

296 1877 398 1939 lex
443 1879 699 1960 perlata.
800 1879 1065 1940 Comitia
1108 1881 1171 1940 in
1217 1879 1304 1942 A.
1327 1878 1413 1941 D.
1436 1897 1539 1940 ιιι.
1590 1877 1902 1940 Kalendas
1943 1877 2207 1940 Sextiles

296 1974 489 2038 dilata
513 1986 671 2038 sunt.

376 2081 481 2136 41.
527 2074 710 2147 Cato,
738 2083 807 2136 ut
826 2094 1079 2156 semper,
1108 2076 1415 2156 pugnabat
1446 2095 1553 2157 pro
1596 2076 1926 2158 republica,
1965 2075 2203 2136 eodem·
2231 2097 2364 2150 Plut.
2388 2097 2504 2148 ca,

298 2191 415 2250 qne
432 2181 703 2253 tempore
722 2174 1089 2254 propinquis,
1116 2174 1375 2234 maxime
1402 2172 1768 2246 mulieribus,
1793 2195 1929 2255 quae
1967 2173 2204 2254 repudi-

298 2280 461 2331 atam
496 2271 783 2354 Pompeii
810 2270 1165 2333 affinitatem
1199 2291 1351 2352 aegre
1388 2272 1670 2344 tulerant,
1709 2273 1990 2356 probavit
2013 2273 2203 2334 eonsi-

298 2366 447 2430 lium
470 2391 683 2440 snum:
727 2369 1123 2483 ostenditque,
1166 2376 1185 2414 0
1204 2367 1499 2451 siquidem
1534 2380 1785 2453 accepta
1823 2370 2093 2432 conditio
2113 2369 2203 2430 fo-

298 2479 389 2530 ret
456 2490 617 2530 nune
662 2470 805 2550 ipsis
840 2489 961 2530 una
992 2469 1361 2530 subeundam
1388 2469 1569 2530 fuisse
1608 2477 1792 2530 tantae
1827 2468 2207 2579 turpitudinis

300 2513 662 2627 ἱιιίΩιιιαιιιθ
645 2565 906 2648 ’quod
890 2587 951 2626 ιιι
976 2567 1161 2627 hortis
1200 2567 1480 2648 Pompeii
1503 2566 1694 2628 dividi
1736 2567 2050 2648 pecuniam
2077 2585 2203 2626 ere-

298 2655 407 2725 bro
432 2664 601 2744 vulgi
628 2685 861 2726 rumore
876 2665 1249 2744 jactabatur.
1334 2664 1686 2724 Ciceronem
1711 2683 1948 2744 quoque
1975 2661 2204 2724 morde-
2231 2685 2339 2738 οἱ,

302 2763 409 2824 bat
434 2765 497 2824 in
520 2761 765 2822 Afranii
803 2763 1027 2823 honore
1067 2762 1437 2822 consulatum
1477 2781 1649 2822 mum
1681 2760 1983 2840 saginari·
1967 2805 1984 2820 .
2025 2779 2206 2840 quem

300 2863 711 2940 magistratum
734 2859 903 2921 velut
926 2840 1279 2941 us'ueaptum
1304 2880 1345 2919 a
1369 2859 1690 2930 nobilibus,
1709 2857 1831 2919 duo
1849 2859 1990 2920 novi
2014 2857 2205 2918 homi-

300 2977 405 3018 nes
428 2958 784 3039 Arpinates,
828 2956 905 3018 C.
923 2957 1171 3028 ,Marius
1194 2957 1531 3018 excellente
1557 2955 1706 3017 belli
1733 2956 1944 3035 gloria,
1973 2955 2068 3015 M.
2096 2954 2204 3014 ci-

233 3109 243 3116 .
296 3073 435 3114 eero
484 3055 651 3136 pacis
699 3055 951 3126 artibus,
990 3055 1385 3114 meruissent?
1483 3052 1578 3114 At
1630 3052 1952 3113 Afranium
1993 3059 2206 3112 neutro

298 3161 675 3232 prestantem
722 3153 949 3234 aequari
994 3153 1109 3213 sibi
1152 3171 1311 3232 aegre
1350 3151 1601 3238 ferebat:
1703 3150 1828 3211 Sed
1870 3151 2068 3232 potior
2112 3149 2206 3208 his

296 3249 571 3308 omnibus
594 3250 847 3329 pecunia
870 3248 1160 3320 eonsules,
1196 3267 1345 3328 quos
1368 3248 1635 3320 volebat,
1659 3247 1990 3330 Pompeius
2010 3246 2204 3326 desig-

298 3346 487 3417 navit,
517 3344 601 3413 Q.
627 3345 947 3407 Metellum
972 3344 1269 3415 Celerem,
1298 3343 1430 3404 L.¹0
1457 3345 1799 3406 Afranium.
2229 3329 2237 3338 ”

376 3449 483 3504 42.
528 3442 819 3504 Censores
854 3463 929 3503 eo
974 3463 1131 3504 anno
1156 3443 1399 3523 quinam
1440 3443 1681 3515 fuerint,
1710 3441 1869 3503 haud
1909 3441 2199 3502 dixerim:
2227 3451 2346 3504 Dio.

296 3540 477 3600 fuine
500 3549 725 3601 eertum
748 3549 859 3601 est.
944 3539 1113 3602 Nam
1150 3553 1215 3604 et
1252 3551 1491 3602 senatus
1529 3541 1851 3602 recensitus
1873 3547 1987 3612 est,
2027 3538 2204 3599 solito
2262 3564 2368 3615 cic.
2400 3559 2462 3614 ,ἃ

292 3635 550 3717 quidem
564 3638 947 3710 numerosior,
968 3637 1128 3718 quod
1153 3659 1357 3700 omnes
1372 3640 1477 3719 qui
1502 3639 1908 3717 magistratum
1934 3634 2203 3715 quando·-
2228 3629 2378 3680 Aust
2379 3635 2498 3682 0¹⁷·

292 3753 418 3814 que
437 3735 741 3813 geminent,
771 3733 975 3794 allecti
1002 3745 1211 3796 erant:
1253 3745 1319 3797 et
1340 3735 1663 3815 vectigalia
1687 3733 1885 3794 locata
1921 3752 1960 3792 a
1998 3752 2202 3792 censo·
2228 3700 2380 3823 ἘΞ

292 3831 483 3890 ribus.
564 3831 840 3892 Lustrum
875 3851 1069 3912 neque
1114 3841 1264 3906 tum,
1308 3853 1501 3915 neque
1542 3842 1683 3916 post
1718 3829 1836 3892 Cn.
1865 3828 2204 3900 Lentulum,
2259 3851 2371 3902 cie.

357 4034 395 4079 8
428 4031 772 4082 Ρωιιιίωἰι
794 4031 1067 4096 legebam
1042 4040 1214 4084 rante
1235 4032 1391 4086 Crev.
1419 4032 1509 4101 qui
1532 4031 1756 4084 mutavit
1775 4045 1842 4081 ex
1865 4029 1979 4081 Cic.

358 4100 399 4146 9
432 4097 695 4147 Mer-isset
712 4096 835 4149 edd.
861 4105 987 4147 ante
1012 4099 1083 4148 Cr
1059 4112 1169 4148 rev.

362 4165 437 4211 10
466 4161 534 4212 A.
563 4176 659 4228 pro
682 4161 741 4213 L.
764 4163 1041 4228 legebatur
1062 4171 1185 4213 ante
1206 4163 1362 4215 Crev-

1216 4291 1305 4312 OOO
1310 4291 1429 4312 'm

296 4389 693 4509 c:ee⁸.oekrm⁸
713 4398 851 4444 terna
868 4392 1049 4459 millia]
1080 4395 1293 4447 Mareu
1316 4393 1519 4461 argenti
1535 4395 1613 4445 11.
1630 4393 1813 4445 uncias
1831 4397 1882 4444 ⁵.
1916 4403 2124 4458 grossos
2146 4393 2199 4441 fi.
