3300 5234
798 623 1009 674 unm
1056 623 1241 678 cxv.
1288 619 1942 674 surranum-rrum.
2313 594 2492 664 5323
2539 585 2548 592 ’

336 775 441 837 83.
486 768 573 832 Et
595 777 927 852 asperserat
952 765 1253 858 Caesarem
1272 766 1531 849 suspicio
1554 785 1571 827 z
1599 763 1707 837 sed
1725 764 1942 846 quibus
1960 759 2166 842 aliqua
2221 771 2330 824 030.
2349 771 2418 821 ιιι

251 869 383 937 veri
410 888 557 928 cura
580 874 732 939 erat,
759 885 897 926 cum
931 871 1230 926 constaret
1252 862 1329 924 de
1367 863 1601 942 Magio,
1638 882 1756 922 non
1795 859 2170 924 sustinebant
2188 837 2300 956 *ἓξ
2323 852 2452 890 ¹¹¹¹·

252 967 580 1046 quicquam
617 963 695 1024 de
734 963 973 1024 Caesare
1015 961 1289 1023 credere:
1334 961 1732 1042 purgavitque
1771 979 1908 1020 eum
1946 959 2172 1039 scripta

251 1061 337 1128 od
382 1062 733 1124 Ciceronem
774 1060 1031 1143 epistola
1075 1059 1171 1122 M.
1206 1059 1471 1141 Brutus,
1516 1058 1803 1120 Marcelli
1841 1055 2174 1140 praecipuus

252 1158 601 1230 admirator.
686 1157 915 1240 Neque
951 1156 1073 1218 alio
1099 1155 1485 1217 luculentiore
1510 1155 1851 1216 testimonio
1875 1153 2174 1232 magnitu-

250 1253 463 1317 dinem
485 1256 600 1318 viri
635 1255 1181 1337 approbaverimus,
1207 1273 1389 1334 quam
1425 1251 1587 1334 quod
1624 1253 1685 1312 in
1711 1251 1866 1312 libro
1890 1268 2070 1331 quem
2092 1248 2172 1310 de
2227 1269 2403 1319 senec.

251 1353 479 1416 virtute
502 1352 837 1434 composuit
865 1351 1088 1412 Brutus
1111 1350 1169 1411 ei
1193 1349 1476 1422 reddidit,
1519 1358 1538 1387 ‘
1556 1370 1621 1410 se
1657 1348 1880 1422 vidisse
1903 1344 2174 1408 Marcel·
2195 1334 2397 1449 ἓθῗωῑ·
2417 1333 2481 1447 ⁸9⁶¹

254 1449 387 1510 lum
413 1448 731 1531 Mitylenis
754 1447 1123 1519 exulantem,
1160 1455 1243 1518 et,
1286 1456 1576 1526 quantum
1611 1444 1790 1507 modo
1827 1452 2042 1505 natura
2067 1443 2172 1503 ho·
2233 1415 2345 1515 δὲ
2357 1415 2504 1514 ss'mt',

254 1547 437 1608 minis
456 1555 779 1628 pateretur,
798 1544 1136 1606 beatissime
1152 1544 1471 1616 viventem,
1490 1564 1684 1624 neque
1703 1561 1967 1623 unquam
1985 1541 2175 1600 bona-
2197 1535 2374 1647 {gge-

254 1663 388 1704 rum
410 1644 626 1704 artium
652 1641 1017 1724 cupidiorem
1037 1661 1217 1722 quam
1241 1641 1350 1703 illo
1373 1650 1658 1722 tempore.
1743 1639 1962 1719 Itaque
1986 1637 2179 1698 visum

253 1741 375 1804 sibi
413 1761 479 1800 se
515 1740 709 1818 magis
734 1739 795 1800 in
822 1738 1073 1799 exilium
1101 1739 1207 1810 ire,
1234 1739 1339 1818 qui
1372 1739 1499 1798 sine
1534 1735 1642 1797 illo
1677 1736 1970 1797 rediturus
2001 1741 2180 1806 esset,

256 1857 442 1918 quam
468 1834 640 1896 illum
666 1837 727 1896 in
754 1834 939 1896 exilio
963 1835 1339 1916 relinquere!
1423 1834 1828 1914 Addiditque,
1871 1842 1890 1870 ‘
1910 1832 1988 1893 C.
2042 1830 2180 1891 (3ae-

256 1953 455 1996 sarem
484 1931 815 2014 Mitylenae
842 1940 1316 2014 praetervectum,
1336 1933 1483 2014 quia
1505 1953 1623 1994 non
1648 1932 1962 1992 sustineret
1981 1927 2187 1990 videre

262 2029 665 2092 deformatum
690 2030 923 2092 virum!

344 2133 451 2188 34.
496 2125 622 2188 Sed
660 2127 874 2189 horum
909 2147 949 2188 a
988 2125 1229 2188 Caesare
1268 2123 1551 2208 praeclare
1574 2127 2026 2188 constitutorum
2051 2142 2186 2203 gra·

258 2224 412 2286 tiam
464 2225 589 2286 alia
637 2224 915 2306 quadam
966 2223 1305 2296 elevabant,
1360 2224 1522 2304 quod
1584 2223 1877 2285 relaturus
1935 2221 2188 2301 gratiam
2244 2249 2448 2302 streton.

258 2321 583 2383 clientibus
606 2324 748 2394 suis,
773 2331 1011 2385 senatus
1030 2341 1357 2395 numerum,
1385 2321 1641 2402 indignis
1665 2320 1868 2382 multis
1901 2319 2187 2400 ascriptis,
2212 2317 2342 2431 ‘¹1:5⁵⁷'
2346 2317 2470 2428 (ξι-ι

262 2417 695 2501 ampliaverat:
738 2429 1019 2500 praetores
1068 2427 1375 2482 creaverat
1423 2417 1762 2491 duodecim,
1816 2426 1966 2499 quot
2013 2416 2188 2478 simul
2213 2415 2298 2496 30:
2330 2395 2449 2492 nir:

262 2517 483 2578 eodem
535 2536 691 2578 anno
739 2517 977 2578 fuerant
1025 2536 1370 2597 nunquam:
1430 2526 1787 2597 quaestorum
1837 2535 2076 2596 quoque
2125 2523 2190 2575 et
2209 2506 2520 2624 ,ἔξειπε-

262 2615 563 2675 minorum
601 2615 1048 2694 magistratuum
1086 2613 1345 2694 collegia
1380 2623 1670 2677 auxerat:
1713 2623 1949 2675 notatos
1980 2633 2020 2674 a
2047 2633 2188 2674 cen·
2212 2607 2314 2691 „J
2397 2587 2522 2637 ψ’

262 2713 519 2785 soribus,
536 2721 696 2774 metu
708 2711 1073 2794 judiciorum
1100 2722 1367 2773 extorres
1381 2711 1734 2773 reduxerat:
1767 2710 2192 2774 condemnatos
2243 2705 2446 2820 Βῑίξιέθῦ·

263 2811 532 2874 ambitus
582 2810 643 2871 in
691 2808 881 2871 Italia
930 2831 1057 2871 osse
1107 2811 1365 2871 sinebat.
1452 2810 1658 2871 Etiam
1710 2809 1966 2884 incivilis
2015 2808 2196 2892 plane
2217 2779 2270 2820 et
2361 2785 2409 2822 ⁰⁰

263 2905 585 2970 videbatur
626 2907 1001 2968 comitiorum
1042 2909 1221 2979 ratio,
1263 2927 1401 2987 quae
1442 2927 1581 2968 cum
1622 2906 1848 2989 populo
1886 2906 2196 2979 diviserat,

266 3011 361 3074 ut,
414 3011 671 3084 excepto
716 3003 1053 3078 consulatu,
1099 3012 1429 3066 ceterorum
1473 3004 1925 3083 magistratuum
1964 3013 2196 3086 partem
2221 3035 2392 3096 Quint.
2403 3046 2455 3080 η
2459 3035 2526 3082 3,

265 3099 584 3162 dimidiam
607 3100 887 3182 populus,
915 3101 1169 3162 alteram
1195 3102 1322 3184 ipse
1346 3102 1756 3164 constitueret.
1841 3101 2027 3163 Unde
2052 3107 2196 3163 can'-
2253 3100 2372 3150 Tac.
2397 3113 2438 3145 1·

266 3195 741 3259 didatiCoesaris
759 3198 1076 3281 appellati,
1098 3220 1249 3280 quos
1268 3197 1435 3273 nullo
1455 3199 1708 3282 repulsae
1733 3208 1896 3261 metu
1920 3200 2199 3266 brevibus
2221 3165 2460 3282 gam-⁵.

269 3293 497 3357 libellis
520 3295 747 3356 circum
772 3298 961 3357 tribus
987 3297 1177 3357 missis
1197 3295 1679 3358 commendabat.

352 3397 459 3454 85.
504 3391 629 3454 Sed
672 3403 737 3454 et
777 3394 1117 3476 Cleopatrae
1154 3414 1323 3456 amor
1362 3415 1720 3475 magnopere
1746 3394 1924 3455 datus
1955 3403 2048 3456 est
2081 3395 2198 3456 cri·
2226 3411 2345 3461 Dio.

269 3487 445 3560 mini,
488 3503 649 3568 quae,
694 3509 851 3552 anno
894 3491 1131 3564 eodem,
1174 3489 1441 3552 Romam
1481 3493 1646 3572 regio
1685 3493 1973 3553 comitatu
2012 3491 2200 3563 venit,
2230 3477 2442 3592 Cliljuseb.

271 3586 475 3648 accitu
516 3587 722 3667 ipsius.
806 3589 1015 3650 Caesar
1058 3589 1297 3650 mulieri
1322 3589 1589 3671 viroque,
1618 3590 1809 3650 minor
1843 3589 1946 3650 ille
1987 3589 2206 3650 Ptole·
2227 3556 2532 3655 nux-nien.

270 3701 461 3744 maeus
501 3683 641 3756 fuit,
686 3685 1008 3766 hospitium
1054 3687 1117 3746 in
1162 3687 1285 3747 suis
1325 3686 1556 3748 aedibus
1595 3686 1800 3748 dedit:
1843 3694 2218 3766 notatusque·
2233 3671 2466 3785 effe-“⁸23

272 3785 389 3851 est,
418 3786 733 3861 tanquam,
770 3791 984 3862 praeter
1022 3783 1397 3844 notissimum
1435 3782 1782 3864 Cleopatrae
1825 3781 2204 3854 adulterium,
2233 3771 2364 3852 Dio:
2451 3767 2468 3784 ⁶

270 3874 465 3958 etiam,
498 3897 686 3958 puero
726 3879 955 3941 nefarie
1000 3879 1301 3942 illuderet.
1384 3879 1546 3941 Sane
1580 3880 1861 3942 maximis
1884 3881 2208 3942 honoribus

272 3973 655 4056 praemiisque
695 3985 927 4050 auctos,
954 3997 1238 4059 regesque
1279 3976 1474 4038 socios
1497 3985 1563 4038 et
1586 3978 1812 4037 amicos
1847 3976 2207 4059 appellatos,
2226 3989 2432 4050 smum,

272 4069 506 4130 remisit
530 4071 593 4131 in
627 4091 915 4152 regnum:
958 4071 1151 4134 filium
1198 4075 1405 4147 etiam,
1445 4093 1625 4154 quem
1663 4073 1994 4156 Cleopatra
2029 4073 2212 4155 paulo

272 4173 417 4246 post
438 4163 763 4228 discessum
798 4169 933 4249 ejus
972 4189 1052 4228 ex
1086 4168 1357 4252 AEgypto
1382 4178 1715 4253 pepererat,
1741 4169 1819 4231 de
1843 4191 1952 4232 suo
1975 4171 2210 4230 nomine
2235 4198 2369 4247 Plnt.
2389 4195 2524 4254 σε..

232 4313 247 4320 -
277 4261 689 4324 Caesarionem
726 4264 1019 4346 appellari
1056 4285 1264 4348 passus
1290 4276 1401 4328 est.
1486 4267 1690 4334 Quem
1714 4267 1956 4349 quidem
1985 4267 2213 4328 Caesari
2239 4263 2357 4320 Dio,
2373 4278 2542 4312 ¹¹³¹·-

276 4357 471 4419 forma
497 4380 739 4441 quoque
778 4371 844 4421 et
886 4364 1119 4424 incessu
1158 4362 1409 4424 similem
1434 4362 1615 4424 fuisse
1640 4362 2030 4425 tradiderunt.
2115 4363 2210 4426 Ma
2237 4329 2439 4378 Sueten.

283 4453 595 4518 Antonius
631 4459 815 4522 etiam
856 4461 1123 4540 agnitum
1150 4461 1233 4522 ab
1256 4482 1329 4522 eo
1352 4463 1587 4524 senatui
1610 4459 1965 4524 affirmavit:
2003 4471 2215 4524 contra
