3300 5234
787 572 963 640 3278
1494 562 1499 567 ’
1749 590 1818 638 ·r.
1867 588 2058 639 mvn

1117 730 1250 792 luce
1283 730 1549 793 validam
1586 752 1621 792 e
1655 730 1970 814 Capitolio
2002 730 2260 793 deduxit
2295 752 2555 803 manum,
2585 728 3024 813 interfectisque

790 828 896 877 1⁴³*-
920 828 1059 907 Ierit.
1114 849 1149 889 e
1191 827 1367 910 plebe
1406 828 1639 891 circiter
1671 830 2039 909 octingentis,
2065 828 2329 890 concidit
2360 828 2599 891 tabulas
2634 828 2860 909 legum,
2887 829 3022 891 reli·

790 892 1017 1072 {gg-’¹2:¹¹
1020 926 1037 943 ⁰
1113 944 1263 1082 ¹quos
1295 928 1595 1083 pil-ppositp
1631 924 1883 1007 locoque
1919 926 2174 1009 depulit,
2202 927 2632 1007 stationemque
2667 926 2926 987 militum
2961 929 3022 987 in

892 1060 905 1075 .
1140 1042 1245 1081 oro
1269 1042 1343 1083 co
1388 1042 1561 1084 ocavi
1592 1066 1607 1083 .

1194 1124 1295 1179 38.
1338 1118 1445 1181 Ne
1470 1121 1558 1181 sic
1582 1120 1826 1202 quidem
1849 1119 2046 1181 solida
2063 1120 2234 1201 quies
2255 1128 2394 1181 ante
2421 1119 2676 1181 casaris
2700 1119 3022 1193 adventurn

818 1218 954 1296 Plnt.
971 1218 1091 1297 Aut·
1114 1224 1205 1275 est
1240 1215 1403 1277 Urbi
1438 1216 1693 1288 reddita,
1717 1216 1881 1298 quod
1923 1215 2225 1277 Antonius
2259 1218 2676 1278 auctoritatem
2713 1215 3026 1277 dictatoris

784 1283 1092 1399 &05:13²sp
1114 1330 1397 1395 suamque
1456 1314 1786 1393 potentiam
1839 1314 2242 1391 magnitudine
2295 1314 2572 1375 vitiorum
2623 1312 3022 1373 debilitabat:

788 1416 879 1463 2⁶.
1110 1411 1209 1490 cuj
1218 1430 1285 1471 us
1338 1419 1639 1473 nocturnae
1704 1411 2178 1483 comessationes,
2229 1410 2474 1471 diurnus
2534 1428 2793 1481 somnus,
2845 1410 3026 1469 totius

1112 1507 1255 1566 vitae
1298 1507 1622 1587 turpitudo,
1663 1508 2025 1567 sermonibus
2061 1507 2322 1567 omnium
2361 1506 2713 1568 notabatur:
2754 1506 2864 1586 qui
2903 1524 3020 1565 non

1110 1604 1503 1675 erubesceret,
1530 1624 1649 1685 quo
1689 1613 1954 1686 tempore
1992 1604 2219 1665 Caesari
2257 1605 2368 1665 sub
2391 1604 2496 1664 dio
2519 1614 2673 1663 esset
2695 1622 2856 1683 saepe
2879 1622 3022 1663 con-

1110 1708 1202 1759 tra
1224 1699 1615 1761 ferocissimos
1636 1702 1837 1761 hostes
1859 1699 2285 1787 dimicandum,
2313 1708 2543 1781 potare,
2569 1700 2836 1770 scortari,
2865 1700 3022 1768 alea,

1108 1816 1337 1869 nomm,
1364 1797 1513 1857 luxu
1538 1817 1654 1859 non
1680 1797 2180 1879 ferendo‘tempus
2201 1816 2566 1859 consumere.
2651 1796 2805 1857 Erat
2839 1798 3022 1867 enim,

1110 1894 1160 1954 si
1198 1896 1331 1975 quis
1364 1894 1539 1965 alius,
1566 1895 1804 1975 ingenio
1837 1916 2095 1975 nequam
2128 1904 2192 1955 et
2229 1914 2433 1975 nepos,
2457 1904 2522 1955 et
2545 1893 2728 1975 paulo
2753 1902 2892 1954 ante
2917 1896 3022 1955 tri-

1109 1990 1305 2051 bunus
1337 1992 1532 2072 plebis
1566 1993 1627 2052 in
1659 1993 1865 2054 effledo
1891 1993 2198 2054 lictoribus
2223 1992 2616 2073 praeeunu'bus
2642 2011 2747 2072 per
2773 1990 3022 2053 Italiam

1110 2096 1315 2150 vectus
1349 2097 1501 2159 erat,
1524 2088 1764 2149 mimam
1804 2088 2194 2169 Cytheridem
2229 2089 2290 2147 in
2328 2098 2534 2168 aperta
2570 2088 2788 2148 lectica
2819 2108 3022 2149 secum

814 2186 947 2239 Plin.
1110 2169 1373 2263 portans,
1398 2204 1535 2245 cum
1570 2186 2030 2265 turpissimorum
2066 2184 2368 2246 hominum
2395 2185 2720 2245 comitatu:
2763 2203 3022 2267 quacum

784 2264 909 2330 '¹¹.¹·
936 2260 1018 2308 ¹⁶⁰
1107 2278 1430 2361 aliquando
1454 2290 1519 2343 et
1542 2302 1715 2343 curru
1739 2281 1954 2342 dicitur
1979 2280 2280 2341 incessisse
2305 2279 2574 2341 leonibus
2587 2282 2826 2359 juncto.
2893 2278 3022 2341 Sed

816 2316 923 2373 cm·
1108 2384 1170 2438 et
1186 2378 1498 2438 occasione
1518 2379 1896 2459 presentium
1915 2378 2220 2437 turbarum
2241 2376 2320 2437 ad
2340 2377 2578 2458 rapinas
2597 2378 2836 2451 abusus,
2853 2396 3020 2457 mag·

1108 2493 1249 2533 uam
1274 2475 1395 2534 vim
1420 2476 1549 2535 ariri
1574 2476 1947 2554 argentique,
1973 2472 2079 2533 sed
2105 2481 2168 2533 et
2191 2474 2318 2533 vini
2343 2472 2680 2553 diripiebat.

780 2583 920 2635 Plut.
1190 2576 1291 2631 39.
1336 2568 1499 2631 Haec
1540 2569 1730 2631 altera
1760 2570 1938 2629 fuisse
1967 2578 2208 2651 putatur
2233 2588 2439 2643 causa,
2476 2590 2584 2631 cur
2617 2570 2904 2651 promtius
2929 2571 3018 2650 ig-

783 2681 902 2732 Dio.
1108 2671 1340 2729 noverit
1364 2667 1710 2729 Dolabellae
1736 2668 2053 2729 adveniens
2081 2666 2309 2739 Caesar,
2337 2676 2552 2749 praeter
2593 2668 2791 2749 priora
2829 2669 3016 2729 homi-

990 2808 997 2818 ,
1108 2768 1202 2827 nis
1228 2767 1459 2839 merita,
1486 2766 1590 2845 qui
1610 2767 1880 2847 partibus
1915 2767 2044 2844 ejus
2063 2772 2251 2826 totum
2287 2785 2352 2824 se
2375 2762 2690 2826 dediderat
2717 2766 2800 2825 ab
2825 2766 3016 2837 initio,

816 2874 926 2924 cic.
953 2875 1082 2926 Phil.
1106 2872 1169 2923 et
1208 2864 1269 2923 in
1306 2862 1616 2924 Thessalia
1639 2883 1878 2944 quoque
1917 2882 2046 2943 pro·
2067 2883 2143 2950 eo
2183 2872 2416 2923 strenue
2458 2872 2849 2944 pugnaverat.
2935 2864 3020 2925 Et

784 2954 849 2990 ¹¹·
873 2945 956 2991 ⁸⁰·
1105 2970 1235 3022 erat
1272 2961 1539 3040 alioquin
1578 2960 1658 3020 ad
1685 2960 2060 3021 tribuendam
2087 2960 2320 3020 veniam
2346 2959 2576 3020 facilis:
2621 2980 2733 3021 nec
2777 2963 3024 3041 ignora-.

1104 3058 1236 3128 bat,
1270 3055 1585 3118 difficulter
1624 3056 1763 3116 ferri
1801 3076 1968 3137 posse
1995 3056 2220 3117 delicta
2253 3056 2453 3117 aliena
2489 3076 2696 3117 severe
2715 3078 3014 3139 exequen-

1104 3162 1250 3227 tem,
1300 3155 1404 3235 qui
1443 3163 1569 3214 tam
1614 3155 1809 3215 multa
1859 3156 1984 3235 ipse
2035 3163 2358 3235 peccasset.
2463 3153 2730 3228 Interea,
2777 3176 2914 3216 cum
2953 3165 3018 3217 et

779 3266 898 3319 nio,
1106 3252 1359 3330 pecunia
1383 3251 1674 3331 indigeret
1699 3250 1952 3323 infinita,
1981 3260 2042 3311 et
2067 3251 2317 3311 honores
2337 3259 2644 3331 appeteret
2677 3253 3016 3313 eminentis-

1104 3346 1302 3418 simos,
1332 3347 1577 3408 nolebat
1616 3347 1835 3408 multos
1874 3346 2174 3407 offendere
2200 3368 2215 3407 :
2259 3368 2381 3428 quo
2427 3347 2693 3409 devincti
2721 3348 3014 3411 beneficio

1103 3461 1234 3515 sno,
1262 3444 1581 3524 patientius
1596 3446 1838 3524 jubenti
1860 3444 2158 3524 quidlibet
2181 3446 2665 3526 obsequerentur.

1183 3545 1285 3599 40.
1331 3539 1529 3619 Igitur
1550 3561 1686 3601 cum
1711 3560 1960 3619 magnus
1987 3541 2046 3601 in
2074 3541 2246 3601 Urbe
2273 3542 2656 3622 plurimorum
2689 3552 2882 3604 meurs
2903 3542 3008 3603 ad-

1104 3644 1281 3697 ventu
1318 3640 1451 3718 ejus
1488 3637 1716 3711 fuisset,
1745 3638 2070 3699 vindictam
2115 3639 2499 3700 admissorum
2541 3642 3008 3721 expectantium,

1102 3754 1291 3814 eaque
1316 3754 1409 3795 res
1432 3737 1798 3798 sermonibus
1831 3738 2059 3815 agitata
2103 3746 2229 3797 toto
2271 3756 2346 3797 eo
2387 3746 2648 3817 tempore
2688 3746 2878 3805 esset;
2921 3758 3006 3797 re-

1101 3842 1277 3912 pente
1304 3844 1650 3914 receperunt
1694 3836 1975 3906 animum,
2015 3833 2164 3894 nihil
2207 3834 2282 3894 de
2327 3834 2640 3915 praeteritis
2681 3835 3008 3915 inquirente

1104 3927 1364 3990 Gaesare.
1450 3929 1573 3991 Sed
1598 3932 1649 3990 is
1675 3930 1754 3991 ad
1777 3929 2076 4010 cogendos
2101 3949 2372 3991 nummos
2399 3939 2656 3991 mentem
2681 3930 3005 4009 adjecerat,

1102 4034 1164 4085 et
1186 4035 1401 4105 praeter
1424 4046 1700 4105 magnam
1725 4028 1850 4087 vim
1885 4026 2035 4097 auri,
2057 4046 2194 4107 quae
2223 4028 2284 4085 in
2307 4046 2560 4087 coronas
2587 4036 2650 4087 et
2672 4035 2920 4099 statuas,
2945 4033 3008 4086 et

968 4152 977 4167 ·
1102 4122 1228 4182 alia
1252 4123 1367 4183 hoc
1390 4143 1595 4203 genus,
1622 4132 1910 4205 tanquam
1936 4145 1977 4184 a
1999 4124 2340 4186 volentibus
2361 4123 2759 4194 offerebatur3
2803 4124 3002 4204 ingen-

1102 4226 1192 4278 tes
1223 4238 1481 4281 summas
1512 4222 1704 4281 mutui
1746 4222 1980 4282 nomine
2016 4222 2331 4300 congessit,
2371 4242 2510 4283 cum
2551 4242 2742 4303 neque
2787 4242 3002 4302 negare

1100 4317 1411 4395 quisquam
1451 4317 1718 4391 auderet,
1759 4338 1870 4381 nec
1909 4320 2034 4401 ipse
2059 4319 2137 4380 de
2179 4316 2542 4383 restituenda
2580 4320 2842 4399 cogitare
2889 4342 2998 4402 pu-

1102 4422 1343 4475 taretur.
