3300 5234
847 614 1055 664 unm
1108 614 1227 664 cv.
1276 612 1931 675 surranum-rrum.
2332 597 2504 663 5061

270 770 381 831 tos,
420 760 677 820 urbanas
713 778 967 841 praesens
1006 759 1065 819 in
1104 767 1393 840 potestate
1435 759 1708 832 haberet,
1737 757 1930 819 levius
1954 756 2185 818 ferebat
2207 765 2326 816 Dio.

268 862 634 919 tribunorum
664 878 861 929 rocca,
893 857 1163 917 consules
1200 856 1373 917 Urbe
1416 856 1619 937 egredi
1662 877 1936 938 passuros
1961 876 2181 937 negen-

272 960 418 1017 tium
442 978 457 1018 ε
502 965 684 1036 atque
714 956 873 1016 ultro
912 958 1180 1016 struebat
1212 954 1482 1016 morandi
1514 961 1747 1027 causas,
1781 956 2056 1036 imposita
2096 963 2181 1022 rei

268 1054 665 1115 frumentariae
691 1054 995 1113 curatione
1022 1054 1289 1113 obtentui
1316 1061 1531 1113 sumta.
1617 1052 1868 1113 Crassus
1891 1051 2021 1113 dies
2040 1073 2180 1113 noc·
2204 1054 2508 1106 Pht-Crat·-

202 1192 211 1201 .
276 1160 475 1230 toeque
514 1149 597 1209 nil
640 1151 754 1209 nisi
791 1148 1149 1210 Parthicum
1184 1150 1436 1221 bellum,
1472 1149 1843 1231 Bactrosque
1883 1157 1945 1209 et
1973 1148 2180 1219 In'dos,

272 1257 331 1306 et
356 1245 549 1306 ultimi
574 1246 841 1306 Orientis
863 1267 1007 1327 opes
1041 1247 1268 1307 effraeni
1294 1245 1627 1327 cupiditate
1650 1246 1977 1325 cogitabat.
2061 1244 2180 1305 Ni·
2242 1252 2453 1319 Appiam

275 1341 354 1403 bil
379 1344 589 1403 horum
618 1342 749 1422 lege
771 1364 906 1424 quae
932 1342 1007 1403 de
1036 1344 1282 1425 imperio
1310 1342 1619 1403 consulum
1640 1351 1770 1403 erat
1793 1342 1941 1413 lata,
1967 1340 2181 1403 diserte
2205 1320 2423 1369 Parthie.

265 1426 495 1520 jussum
522 1440 751 1501 fuerat:
795 1440 981 1523 sedin
1009 1461 1243 1501 omnem
1269 1440 1621 1501 sententiam
1647 1441 2024 1522 interpretari
2051 1460 2183 1501 ver·

276 1538 351 1596 ba
372 1537 575 1617 legum
605 1558 721 1597 non
748 1545 879 1597 erat
900 1538 991 1597 his
1018 1537 1289 1607 arduum,
1319 1538 1533 1618 quibus
1552 1536 1730 1597 facile
1745 1537 1940 1598 fuerat
1957 1556 2181 1607 curare,

275 1642 357 1704 ut,
384 1656 511 1715 qua
538 1635 653 1715 ipsi
680 1635 1068 1716 conceptione
1101 1636 1412 1695 verborum
1437 1633 1783 1705 voluissent,
1821 1634 1982 1714 leges
2013 1654 2181 1713 roga-

276 1740 494 1792 rentur.
584 1731 787 1792 crassi
814 1732 1134 1791 amentiam
1172 1731 1401 1803 Caesar,
1442 1732 1730 1791 incertum
1764 1752 1886 1812 quo
1912 1732 2182 1803 consilio,
2209 1746 2342 1797 Plut.

276 1829 556 1907 augebat,
596 1827 959 1908 propositum
997 1828 1127 1907 ejus
1160 1828 1500 1899 dilaudans,
1528 1837 1591 1888 et
1626 1827 1924 1909 quidlibet
1948 1828 2184 1909 pollici-

277 1933 385 1985 tus.
473 1924 719 1985 Idcirco
762 1932 827 1985 et
856 1926 983 2005 ipse
1016 1945 1183 1985 arma
1210 1926 1490 2007 opposuit
1530 1926 1893 1985 tribunorum
1935 1926 2184 1985 actioni-
2210 1927 2328 1977 Dio·

276 2022 403 2090 bus,
431 2029 497 2081 et
524 2042 663 2081 cum
689 2022 778 2081 illi
808 2020 1086 2081 adversus
1110 2023 1233 2082 vim
1270 2020 1541 2093 invalidi,
1579 2020 1657 2081 ad
1685 2022 1968 2083 invidiam
1993 2030 2056 2082 et
2078 2022 2183 2083 de·
2209 2025 2342 2077 vell.
2361 2042 2422 2077 11-
2438 2032 2488 2078 ⁴·

277 2120 627 2179 testationes
670 2140 735 2179 se
775 2118 1182 2191 contulissent,
1224 2120 1419 2181 oravit
1451 2117 1770 2201 collegam,
1810 2129 1898 2193 ut,
1925 2142 2048 2201 quo
2087 2120 2184 2181 die
2207 2090 2511 2206 {izzm‘n'

278 2214 371 2295 pal
378 2216 599 2275 udatus
622 2216 989 2297 profecturus
1013 2226 1164 2288 erat,
1192 2216 1445 2289 adesset,
1470 2238 1654 2297 seque
1679 2226 2149 2298 prosequeretur.

354 2318 455 2371 34.
506 2312 785 2373 Maxima
810 2322 941 2373 erat
966 2314 1024 2372 in
1062 2313 1191 2374 foro
1230 2313 1491 2375 collecta
1514 2299 1692 2375 turba
1715 2314 2074 2386 mortalium,
2101 2316 2188 2375 ita

276 2411 626 2490 praeparatis
650 2410 886 2480 animis,
927 2418 994 2469 ut
1034 2419 1350 2470 exeuntem
1376 2410 1658 2472 Crassum
1683 2411 1952 2471 convicio
1976 2421 2040 2471 et
2053 2412 2186 2490 jur-

276 2505 383 2583 giis
406 2506 755 2567 retinerent.
842 2506 965 2567 Sed
1003 2507 1106 2566 ubi
1148 2506 1509 2588 Pompeium
1535 2518 1674 2569 ante
1706 2507 1878 2568 illum
1915 2507 2188 2569 incedere

274 2604 605 2685 composito
645 2602 817 2665 vultu
856 2604 1152 2677 viderunt,
1194 2606 1325 2685 ejus
1359 2606 1566 2666 honori
1601 2606 1922 2685 gratiaeque
1949 2604 2184 2689 datum,

276 2710 340 2761 ut
362 2722 505 2761 cum
533 2702 768 2763 silentio
795 2701 1155 2763 decederent
1187 2702 1263 2763 de
1297 2702 1417 2763 via.
1505 2702 1682 2763 Unus
1723 2702 1964 2774 Ateius,
1997 2702 2102 2782 qui
2127 2711 2189 2763 et

278 2810 417 2861 vota
440 2802 505 2861 in
538 2799 849 2882 Capitolio
874 2800 1239 2882 nuncupanti
1256 2800 1285 2835 ⁴
1323 2800 1806 2871 obnuntiaverat‚
1833 2820 2068 2859 manere
2083 2800 2186 2880 ju·

273 2898 476 2967 bebat,
522 2896 689 2957 Deos
712 2896 1093 2977 hominesque
1114 2906 1385 2969 testatae,
1415 2907 1433 2934 ‘
1454 2896 1620 2958 illam
1642 2906 1850 2958 contra
1874 2896 2190 2957 foederatos

274 2995 532 3077 populos
556 2995 1001 3076 expeditionem
1041 2994 1347 3073 lugubrem
1386 3003 1451 3054 et
1483 2994 1932 3073 ignominiosam
1967 2994 2188 3075 populo

278 3091 567 3152 Romano
604 3091 772 3151 fore!
854 3090 1011 3152 Cum
1048 3092 1239 3150 nihilo
1265 3092 1459 3151 secius
1483 3090 1714 3151 videret
1739 3111 1979 3172 pergere
2007 3090 2186 3151 Cras-

274 3209 423 3259 sum,
488 3189 716 3248 viatore
756 3188 931 3247 misso
965 3188 1104 3249 duci
1140 3208 1277 3249 eum
1320 3189 1380 3248 in
1415 3188 1657 3249 vincula
1685 3190 1884 3267 jussit.
1971 3188 2099 3247 Ubi
2127 3188 2186 3247 id
2246 3189 2345 3238 Dio
2367 3193 2418 3239 et

275 3305 543 3367 quoque,
579 3285 833 3344 tribunis
864 3284 999 3345 aliis
1038 3285 1561 3355 intercedentibus,
1598 3284 1822 3344 irritum
1862 3284 1998 3355 fuit,
2034 3304 2184 3365 prae-
2212 3254 2343 3305 Plut.

276 3384 459 3441 currit
486 3379 569 3441 ad
598 3391 847 3461 portam,
873 3380 1191 3463 foculoque
1220 3381 1304 3441 ibi
1332 3382 1549 3463 posito,
1570 3390 1833 3441 vetustas
1857 3388 1922 3441 et
1945 3401 2190 3441 arcanas

277 3478 628 3539 devotiones
652 3478 913 3559 peregit:
958 3496 1205 3557 quarum
1230 3497 1534 3558 nunquam
1558 3498 1744 3539 vanas
1767 3478 1946 3538 fuisse
1973 3479 2188 3559 impre-

274 3576 547 3636 cationes
564 3575 965 3655 superstitiosa
992 3574 1317 3654 antiquitas
1340 3572 1609 3647 credidit,
1638 3574 1746 3635 sed
1771 3573 2004 3635 devotis
2031 3575 2188 3655 pari-

278 3682 363 3732 ter
386 3672 945 3752 devoventibusque
971 3671 1365 3731 calamitosas.
1452 3672 1634 3732 Unde
1670 3672 1852 3750 vulgo
1877 3670 2188 3752 reprehen-

276 3767 537 3831 debatur
575 3767 819 3838 Ateius,
846 3767 1009 3848 quod
1034 3788 1167 3828 eum
1197 3768 1295 3830 cui
1333 3778 1572 3849 propter
1614 3767 2034 3849 rempublicam
2062 3766 2188 3826 sac·

278 3875 371 3927 tus
412 3875 551 3927 erat
596 3865 889 3937 inimicus,
932 3864 1077 3925 diris
1124 3866 1185 3925 in
1236 3864 1664 3946 rempublicam
1703 3866 1925 3927 casuris
1983 3883 2188 3923 conse-

277 3975 523 4025 orasset.

354 4068 469 4121 35.-
508 4058 759 4120 Oramus
801 4056 1177 4119 Brundisium
1213 4058 1531 4139 profectuS,
1572 4078 1708 4120 cum
1749 4056 1888 4118 inde
1923 4078 2038 4117 non
2081 4077 2188 4117 ex-

278 4166 522 4237 pectato
562 4177 739 4217 cursu
773 4156 1211 4226 transmitteret,
1254 4156 1470 4216 multas
1514 4175 1698 4217 naves
1741 4154 2191 4236 tempestatibus

276 4256 479 4315 amisit
504 4274 521 4314 :
566 4251 853 4333 deditque
892 4251 1052 4314 dirus
1102 4253 1501 4313 metuentibus
1552 4252 1920 4313 occasionem
1972 4270 2189 4312 sermo-

648 4475 679 4520 ⁴
718 4469 989 4521 Nuntiunti
1008 4470 1201 4553 legitur
1224 4471 1277 4521 in
1298 4470 1421 4523 edd.
1438 4481 1565 4522 ante
1584 4468 1740 4521 Crev-
