3300 5234
770 562 949 633 5322
1735 582 1806 639 ‘r-
1853 577 2050 634 mvn

772 720 908 835 glut·
1098 723 1219 793 cit;
1260 730 1389 783 tum
1416 741 1674 785 mensem
1713 720 2162 788 Mercedonium
2183 724 2312 786 sive
2338 721 2776 798 intercalarem,
2799 724 3010 805 quiex

810 798 975 837 ⁰⁰²⁰*
1096 820 1521 882 consuetudine
1560 822 1623 883 in
1665 842 1804 883 eum
1843 841 2064 883 annum
2099 821 2408 897 inciderat,
2449 821 2804 885 consumsit:
2851 822 3014 885 unde

836 962 843 970 ,
1097 916 1325 977 factum
1352 926 1464 991 est,
1492 924 1562 978 ut
1588 938 1780 979 annus
1813 917 1938 992 ille,
1976 919 2080 1000 qui
2115 918 2475 980 confusionis
2501 928 2634 981 erat
2656 918 2926 993 ultimus,
2949 919 3012 979 in

790 1016 1008 1094 Mmop.
1024 1023 1079 1067 et
1098 1012 1229 1075 dies
1276 1014 1739 1096 quadringentos
1787 1015 2185 1097 quadraginta
2227 1018 2488 1097 quinque
2541 1015 3012 1098 protenderetur.

774 1082 1030 1133 consona.
1100 1110 1263 1190 Haec
1314 1113 1499 1173 ferme
1540 1133 1581 1173 a
1622 1115 1918 1188 veteribus
1971 1113 2194 1175 tradita
2224 1132 2426 1195 -nuper
2475 1113 2656 1175 etiam
2709 1134 3012 1175 assensum

771 1221 890 1276 Dio.
1096 1210 1564 1273 doctissimorum
1582 1212 1840 1273 virorum
1867 1219 2242 1273 meruerunt.·
2306 1209 2431 1271 Sed
2460 1209 2586 1271 Dio
2608 1210 2854 1291 plures‘*
2877 1232 3014 1295 sep-

1095 1317 1219 1371 tem
1238 1318 1302 1379 et
1320 1310 1635 1389 sexaginta
1659 1308 1872 1369 diebus
1905 1308 2092 1369 tribus
2115 1308 2208 1368 his
2234 1307 2684 1369 intercalaribus
2709 1328 2748 1369 a
2768 1308 3014 1369 Caesare

803 1420 1016 1499 Putem.
1038 1420 1069 1472 Ι.
1096 1415 1433 1467 consumtos
1457 1426 1583 1467 esse
1611 1414 1790 1485 negat
1808 1412 1864 1467 :⁸
1900 1407 1999 1485 cuj
2007 1425 2074 1465 us
2097 1405 2436 1487 opinionem
2455 1406 2550 1465 vir
2569 1425 2858 1486 perquam
2877 1426 3014 1465 eru-

770 1486 834 1536 de
842 1486 1071 1600 ἔξω·
1094 1502 1257 1563 ditus
1280 1524 1315 1563 e
1342 1502 1555 1563 Gallia
1578 1502 1818 1563 minime
1845 1501 2185 1585 spernendis
2210 1501 2570 1582 argumentis
2592 1510 2812 1563 tuetur.
2859 1501 3013 1565 Erat

771 1566 933 1665 &Plini
1094 1600 1227 1661 haec
1250 1622 1343 1661 res
1378 1608 1504 1661 tam
1547 1620 1657 1661 usu
1695 1597 2106 1671 saluberrima,
2151 1619 2333 1680 quam
2375 1599 2587 1660 molitu
2620 1596 2922 1660 difficilis:
2951 1610 3012 1661 et

769 1696 933 1732 ΠΨ·
954 1685 1040 1733 ²⁵·
1097 1697 1223 1778 ipse
1254 1697 1566 1777 Sosigenes
1589 1698 1780 1758 tribus
1817 1695 1894 1757 de
1929 1715 2004 1757 ea
2033 1697 2632 1758 commentationibus
2655 1694 2832 1758 editis
2855 1698 3010 1778 seip-

766 1794 887 1846 Dio.
1096 1813 1226 1853 sum
1268 1795 1329 1854 in
1371 1792 1729 1875 quibusdam
1763 1794 2056 1873 corrigere
2099 1812 2336 1853 necesse
2387 1793 2618 1855 habuit.
2701 1792 3012 1855 Praeterea

740 1954 745 1957 ¹
772 1892 913 1945 Plut.
1097 1890 1244 1950 nihil
1271 1891 1331 1950 in
1357 1891 1449 1951 his
1488 1889 1715 1964 Caesar,
1752 1890 1866 1951 nisi
1899 1889 1976 1950 de
2008 1888 2260 1951 consilio
2303 1890 2660 1971 principum,
2698 1898 2807 1951 aut
2829 1890 3012 1951 etiam

1095 1988 1277 2048 totius
1300 1988 1523 2049 ordinis
1541 1987 1788 2049 fecerat.
1873 1986 2096 2069 Neque
2123 1996 2322 2048 tamen
2344 1986 2605 2067 effugere
2627 1986 3010 2050 dicacitatem

1092 2085 1392 2147 hominurn
1421 2086 1632 2168 potuit.
1737 2084 1922 2146 Adeo
1948 2085 2052 2145 ubi
2079 2085 2264 2145 nimia
2289 2084 2540 2145 taxandi
2568 2084 2818 2146 licentia
2843 2086 3008 2148 inva-

1091 2182 1227 2256 luit,
1270 2204 1385 2243 non
1419 2184 1613 2243 minus
1661 2182 1811 2243 bene
1848 2202 2028 2264 quam
2058 2202 2232 2243 secus
2270 2181 2433 2243 facta
2478 2181 3006 2263 reprehenduntur.

1094 2281 1255 2343 Sane
1284 2282 1521 2355 Cicero,
1548 2284 1719 2362 quasi
1753 2284 1954 2363 potius
1987 2302 2026 2342 a
2051 2281 2291 2342 Caesare
2319 2300 2498 2362 quam
2527 2300 2566 2341 a
2592 2279 2747 2342 coelo
2771 2302 2849 2343 ea
2875 2284 3006 2345 anni

1092 2381 1245 2441 ratio
1280 2381 1507 2441 indicta
1542 2390 1718 2454 esset,
1759 2380 2000 2441 cuidam
2031 2378 2276 2452 dicenti,
2319 2399 2450 2441 cras
2486 2378 2709 2461 Lyram
2743 2382 3006 2449 exoritu·

1092 2498 1243 2551 ram,
1272 2488 1290 2516 ‘
1318 2478 1561 2561 Nempe
1586 2499 1666 2539 ex
1693 2478 1964 2549 indicto‚’
1991 2476 2313 2559 respondit.

801 2590 1003 2655 Cie.pro
1176 2583 1277 2637 32.
1322 2574 1445 2636 Sed
1472 2576 1629 2635 idem
1671 2575 1886 2635 Cicero
1913 2575 2142 2654 magnis
2170 2575 2439 2655 verisque
2465 2574 2777 2655 praeconiis
2801 2572 3006 2636 Caesa·

762 2655 1070 2771 ΝὲξῙἻΞΘΠ·
1093 2695 1217 2735 rem
1244 2672 1482 2745 extulit,
1521 2693 1659 2735 cum
1697 2674 1748 2733 is
1787 2671 2084 2733 Marcello
2121 2672 2442 2743 consulari,
2487 2673 2850 2733 mentionem
2881 2674 3008 2753 ejus

765 2737 902 2836 rag:
926 2802 1003 2837 xv.
1093 2772 1378 2833 inferente
1416 2770 1488 2832 L.
1534 2770 1786 2844 Pisone,
1821 2778 1885 2831 et
1926 2770 2005 2831 C.
2045 2767 2344 2831 Marcello
2377 2769 2453 2830 ad
2495 2769 2678 2852 pedes
2701 2792 2766 2831 se
2795 2771 3006 2852 ainci-

762 2856 1002 2967 {5532
1092 2878 1250 2941 ente,
1277 2877 1487 2929 senatu
1514 2870 1695 2929 etiam
1723 2876 2019 2949 surgente,
2045 2877 2109 2927 et
2139 2876 2388 2947 rogante
2421 2868 2714 2939 universo,
2743 2868 3008 2929 nonnihil

762 2980 1033 3159 ζει-«ψ
1090 2965 3011 3143 {zzzfftszffisfftzzzsxss2¹:12:1„“mm

762 3126 996 3254 (fallis
1016 3116 1066 3163 ι’
1090 3160 1182 3220 lus
1226 3160 1341 3221 frui
1388 3182 1503 3221 non
1545 3162 1766 3243 potuit,
1805 3180 1944 3221 cum
1984 3182 2023 3221 a
2061 3159 2378 3242 Mitylenis
2419 3159 2652 3220 Urbem
2691 3170 3010 3242 repeteret,

761 3240 885 3355 Lgi}
898 3242 1034 3355 Ἧι·
1092 3257 1486 3338 Athenasque
1533 3259 1809 3329 venisset,
1844 3257 1904 3317 in
1951 3258 2080 3339 ipso
2111 3266 2284 3339 portu
2329 3276 2368 3317 a
2407 3256 2487 3317 P.
2534 3256 2746 3335 Magio
2792 3256 3009 3317 Cilone

762 3340 1067 3423 Famlxma.
1089 3353 1372 3415 familiari
1431 3376 1540 3418 suo
1588 3354 1951 3427 interfectus,
1999 3354 2126 3435 qui,
2181 3363 2355 3415 vetus
2405 3352 2798 3435 Pompeianae
2851 3353 3005 3417 mili-

796 3437 909 3486 Vol.
930 3438 1065 3489 Max.
1090 3452 1190 3512 tiae
1235 3471 1456 3526 comeS,
1496 3454 1763 3536 aliquem
1809 3454 2133 3525 amicorum
2178 3452 2258 3512 ab
2303 3470 2377 3512 eo
2425 3451 2542 3515 sibi
2583 3450 2851 3536 praeferri
2892 3470 3008 3511 non

765 3516 847 3552 m
873 3507 952 3552 11.
1089 3549 1447 3635 patiebatur,

1725 3676 1760 3724 4
1792 3670 1918 3723 Plus
1940 3668 2063 3721 edd.
2086 3674 2211 3721 ante
2233 3670 2384 3723 Cres.

1853 3802 2222 3825 eeuouomo

1155 3894 1181 3921 ¹·
1214 3886 1317 3937 Dio
1330 3887 1492 3950 plnres
1504 3891 1682 3951 septem
1693 3892 1742 3936 et
1757 3886 2017 3949 sexaginta
2085 3892 2166 3935 rat
2187 3884 2372 3936 diebus
2395 3899 2429 3936 a
2446 3882 2655 3936 Caesare
2677 3880 2894 3933 additis.
2946 3878 3002 3931 Is

1088 3952 1255 4003 dicem
1285 3954 1441 4004 tribus
1475 3954 1551 4002 his
1580 3952 1946 4003 intercalaribus
1982 3964 2036 4002 a·
2083 3953 2222 4001 euim
2245 3951 2470 4001 Caesaris
2487 3964 2588 3999 non
2612 3956 2749 4013 erat,
2765 3947 2861 3998 sed
2885 3960 3006 3997 con·

1093 4018 1287 4067 Caesm
1308 4024 1572 4067 consumtus
1584 4032 1686 4067 ease
1705 4017 1879 4082 negat]
1906 4016 2012 4065 Im·
2081 4016 2404 4069 suetudinis:
2428 4014 2542 4065 dies
2568 4020 2742 4065 autem
2767 4014 3006 4075 sexagin-

1087 4096 1177 4132 mo
1199 4082 1389 4133 nullam
1422 4083 1582 4132 habet
1620 4084 1875 4132 rationem
1904 4081 2010 4130 Dio
2082 4090 2141 4133 ta
2175 4089 2380 4145 septem
2425 4080 2606 4131 cnsu-
2644 4094 2676 4129 a
2708 4094 2786 4147 se,
2829 4092 2932 4129 non
2973 4090 3007 4127 a

1089 4148 1285 4199 mensis
1323 4148 1479 4211 illius,
1518 4146 1606 4212 qni
1646 4162 1714 4197 ex
1764 4146 2010 4197 instituto
2081 4146 2480 4209 consuetudine,
2528 4144 2748 4210 adjecit.
2827 4144 3004 4207 Atque

1091 4213 1281 4265 Numae
1313 4213 1614 4263 intercalari
1650 4211 1882 4263 debebat
1915 4212 2013 4262 hoc
2083 4214 2160 4263 ita
2207 4222 2389 4264 tuetur
2433 4218 2489 4261 et
2531 4211 2768 4271 explieat
2817 4206 3006 4259 Dionis

1093 4292 1249 4334 anno,
1283 4278 1408 4328 dnm
1430 4286 1587 4341 negat
1611 4279 1786 4341 plnres
1809 4284 2015 4341 septem
2084 4286 2316 4329 mentem
2353 4276 2572 4342 Erycius
2597 4276 2890 4336 Puteanus,
2927 4271 3006 4323 vir

1092 4354 1147 4393 et
1168 4344 1442 4407 sexaginta
1466 4343 1653 4394 diebus
1677 4358 1708 4393 a
1727 4344 1941 4395 Coesare
1962 4344 2015 4393 in
2085 4358 2334 4409 perquam
2352 4342 2609 4405 eruditus,
2630 4338 2722 4392 aed
2747 4354 2778 4389 e
2802 4338 3006 4403 Belgio,

1091 4409 1228 4458 lmnc
1245 4424 1433 4459 annum
1449 4409 1650 4459 additos
1675 4423 1808 4459 esse.
1825 4408 1894 4461 Et
1912 4422 2018 4457 me·
2087 4422 2194 4463 non
2217 4424 2247 4462 c
2263 4408 2437 4461 Gallia
2459 4413 2658 4460 nostra.
2696 4406 2844 4459 Creo.

1091 4476 1197 4525 rito
1216 4475 1361 4525 illum
1386 4488 1611 4526 mensem
1634 4488 1739 4527 non
1770 4488 2020 4526 annume-
