3300 5234
904 580 1137 643 unm,
1162 578 1444 633 oxvm.
1486 578 2141 633 surrnnusurtm.
2461 558 2638 627 5411

404 722 565 805 quod
590 724 866 804 egissent,
880 725 1165 787 ceterisve
1184 726 1291 807 qui
1308 744 1509 787 secum
1532 731 1750 797 essent,
1769 731 1836 785 et
1849 722 2131 785 adversus
2149 721 2314 803 leges

401 822 761 882 commisisse
788 821 1143 883 dicerentur.
1224 820 1333 905 Ne
1352 842 1459 882 sua
1491 820 1818 900 judiciaria
1856 820 1959 881 lex
1995 821 2312 900 abrogare·

402 924 520 978 tur.
604 917 699 978 Ut
724 938 833 999 pro
855 917 1093 997 Togata
1118 916 1330 979 Gallia
1357 918 1678 979 Comatam
1716 917 2084 999 provinciam
2123 917 2311 977 habe-

402 1022 497 1074 ret
520 1033 655 1075 cum
678 1034 785 1075 sex
807 1014 1159 1093 legionibus,
1186 1015 1377 1095 iisque
1402 1014 1696 1096 suppletis
1719 1034 1798 1073 ex
1822 1012 1906 1074 D.
1936 1012 2116 1075 Bruti
2139 1033 2310 1073 exer·

403 1110 556 1182 citu,
576 1130 696 1171 non
730 1111 923 1172 solum
949 1132 1029 1172 ex
1065 1111 1307 1173 delectu
1342 1131 1490 1171 suo:
1530 1109 1879 1192 tamdiuque
1906 1118 1974 1171 ιιι
1995 1110 2313 1182 obtineret,

405 1206 691 1287 quamdiu
718 1208 813 1269 M.
838 1208 1089 1283 Brutus,
1134 1209 1211 1272 C.
1240 1208 1487 1271 Cassius
1520 1208 1794 1271 consules
1835 1227 2016 1291 prove
2055 1207 2312 1269 consuli·-

404 1304 522 1364 bus
544 1302 731 1365 futuri
754 1306 817 1365 in
842 1305 1162 1386 provinciis
1186 1305 1423 1367 essent!

486 1408 591 1465 17.
635 1400 785 1462 Hoc
821 1402 1109 1474 addebat,
1159 1409 1227 1463 ut
1264 1409 1537 1484 potentes
1562 1401 1724 1464 viros
1755 1398 2190 1471 demerereturz
2233 1400 2314 1461 si-
2337 1410 2453 1463 Dio.

404 1496 532 1557 mul
559 1495 785 1559 Caesari
808 1498 1245 1560 solicitudinem
1270 1498 1640 1570 immitteret,
1667 1517 1742 1559 ne
1775 1518 1914 1561 cum
1952 1498 2044 1559 his
2067 1500 2317 1578 conjun-

406 1602 573 1673 geret
607 1596 763 1656 vires
801 1596 1125 1669 Antonius,
1153 1597 1203 1656 si
1248 1598 1428 1658 nimis
1466 1597 1547 1656 ab
1586 1616 1664 1657 eo
1704 1603 2082 1678 premeretur.
2166 1592 2318 1655 Non

406 1691 567 1752 enim
590 1701 723 1753 erat
762 1691 953 1753 ullum
992 1692 1327 1755 concordiae
1360 1692 1621 1754 studium
1661 1691 1959 1765 Antonio,
2001 1710 2112 1752 nec
2151 1688 2320 1751 aliud

409 1789 630 1866 agebat
667 1788 759 1849 his
799 1789 1119 1863 mandatis,
1172 1811 1357 1872 quam
1393 1798 1463 1850 ut
1504 1789 1770 1851 colorem
1813 1796 2106 1870 quaereret
2145 1788 2320 1848 bonae

408 1904 628 1958 causae,
654 1887 881 1947 senatui
904 1908 969 1947 se
996 1888 1379 1968 permittens:
1422 1884 1528 1947 sed
1554 1876 1664 1947 has
1687 1886 2056 1948 conditiones
2081 1884 2320 1963 adjece-

406 1989 525 2053 rat,
552 2002 703 2062 quas
746 2002 939 2063 neque
984 1992 1328 2065 recepturus
1353 1989 1611 2055 ‚senatus
1657 1990 1835 2053 esset,
1879 2001 2069 2061 neque
2113 1982 2323 2042 Caesar

408 2084 731 2159 pateretur.
816 2078 964 2145 Qua
998 2078 1153 2139 enim
1174 2079 1403 2139 ratione
1430 2078 1529 2138 hic
1556 2086 1664 2137 aut
1695 2076 2099 2138 interfectores
2136 2076 2324 2159 patris

408 2174 501 2233 sui
546 2173 818 2235 consules
851 2174 1040 2234 creari
1080 2175 1329 2244 sineret'z
1374 2182 1483 2234 aut
1508 2173 1876 2234 Antonianis
1914 2174 2108 2254 copiis
2150 2172 2324 2256 paria

410 2268 653 2333 decerni
674 2270 937 2351 praemia,
965 2290 1148 2351 quam
1173 2269 1417 2331 decreta
1454 2269 1575 2331 suis
1600 2277 1828 2339 essent3
1874 2278 2054 2350 atque
2080 2290 2187 2351 per
2205 2269 2322 2329 boc

410 2364 668 2427 Antonii
690 2366 849 2449 apud
876 2367 1097 2427 milites
1122 2367 1536 2428 auctoritatem
1554 2374 1617 2427 et
1642 2366 1968 2448 potentiam
1996 2365 2320 2447 adaugeri?

410 2460 635 2551 Neque
658 2460 995 2524 dubitatum
1020 2471 1130 2535 est,
1160 2464 1305 2545 quin
1330 2462 1637 2545 extemplo
1675 2463 1866 2524 hostis
1890 2461 2196 2522 Antonius
2210 2464 2317 2542 ju·
2375 2492 2424 2543 A
2493 2492 2592 2545 ian.

409 2558 747 2620 dicaretur:
768 2560 795 2597 ¹·
829 2559 1119 2621 militibus
1156 2559 1277 2621 alia
1300 2560 1604 2621 diceretur
1636 2559 1790 2633 dies,
1835 2568 1853 2597 ‘
1875 2560 1966 2620 uti
1987 2559 2003 2588 '
2045 2558 2316 2620 nimirum
2340 2566 2393 2608 et
2481 2572 2532 2610 0·

413 2663 435 2692 ‘
458 2674 598 2716 cum
622 2654 897 2718 Antonio
938 2656 1121 2718 fuisse
1156 2656 1353 2718 fraudi
1394 2676 1513 2721 non
1548 2663 1705 2718 esset
1740 2657 1834 2717 his
1858 2656 1962 2738 qui
1997 2664 2132 2716 ante
2169 2654 2320 2717 Idus
2338 2622 2480 2739 Ρὲῖἒζ
2495 2622 2631 2741 {iffi

412 2750 673 2813 Martias
706 2772 842 2813 eum
868 2752 1263 2834 reliquissent,
1299 2762 1362 2815 et
1384 2761 1492 2815 aut
1516 2751 1595 2814 ad
1620 2751 1915 2827 consules,
1942 2760 2048 2814 aut
2072 2752 2150 2813 ad
2178 2750 2318 2813 an—
2345 2768 2465 2803 vm.
2481 2756 2564 2805 1¹·

413 2868 629 2921 sarem,
655 2859 761 2909 aut
783 2849 865 2910 ad
887 2848 1142 2912 Brutum
1162 2849 1463 2912 adissent?
1566 2849 1930 2911 Consulibus
1951 2850 2319 2931 permissum,
2344 2850 2463 2901 Dio·
2518 2847 2525 2854 ’

414 2954 435 2981 ⁸
470 2953 539 3006 ut
584 2946 1015 3028 rempublicam
1052 2945 1464 3021 defenderent,
1509 2946 1898 3027 viderentque
1942 2965 2018 3007 ne
2041 2934 2202 3025 'quid
2245 2966 2323 3008 ea

414 3040 755 3104 detrimenti
780 3044 1119 3127 acciperet?
1202 3044 1282 3105 In
1316 3046 1447 3106 haec
1486 3044 1631 3125 quia
1669 3042 1892 3124 ingenti
1914 3042 2170 3123 pecunia
2191 3052 2323 3103 erat

415 3159 588 3220 opus,
614 3140 883 3219 quintam
920 3148 984 3202 et
1015 3141 1359 3203 vicesimam
1397 3140 1755 3203 facultatum
1779 3141 2044 3201 omnium
2067 3137 2320 3200 conferri

407 3239 733 3318 jusserunt.
2160 3292 2168 3298 .

502 3342 599 3396 18.
647 3333 795 3396 Hoc
817 3341 1082 3416 tempore
1108 3336 1412 3419 praecipua
1437 3334 1748 3397 Ciceronis
1770 3348 1958 3417 opera
1995 3332 2132 3407 fuit,
2173 3353 2322 3415 quo-
2345 3324 2562 3423 Amisa,

420 3430 665 3493 tidianis
700 3431 885 3493 ferme
924 3434 1308 3495 concionibus
1346 3433 1631 3517 populum
1673 3434 1983 3495 hortantis.
2033 3510 2046 3521 ἱ
2066 3430 2240 3493 Hine
2263 3440 2327 3493 et

417 3546 712 3589 armorum
758 3548 977 3609 mag-na
1013 3530 1106 3591 vis
1140 3532 1397 3611 gratuito
1435 3531 1736 3592 fabrorum
1783 3527 2011 3600 labore,
2049 3534 2113 3588 et
2144 3528 2329 3589 variis

418 3624 749 3685 nominibus
772 3625 1039 3707 pecuniae
1079 3626 1369 3690 collectae.
1453 3626 1711 3687 Antonii
1753 3625 2077 3707 praesertim
2117 3624 2328 3685 amicis

421 3728 661 3782 auctore
694 3720 903 3783 eodem
950 3722 1233 3804 impensae
1258 3742 1467 3803 graves
1492 3724 1553 3783 in
1549 3724 1820 3802 junctae:
1861 3740 2016 3800 quas
2055 3718 2146 3779 illi
2183 3740 2327 3780 sane

418 3817 788 3879 sustinebant
814 3816 1122 3893 alacriter,
1150 3826 1434 3902 tanquam
1459 3820 1658 3901 reipsa
1677 3816 2116 3878 criminationes
2147 3814 2326 3877 refel-

484 4023 513 4059 1·
545 4024 715 4089 Neque
738 4024 1006 4075 dumetum
1028 4030 1103 4077 est
1122 4027 1237 4091 quin
1257 4042 1341 4078 ex·
1408 4024 1631 4077 maxime
1667 4038 1736 4075 ex
1773 4021 1910 4075 Phil.
1948 4034 2069 4073 xiv.
2100 4026 2152 4073 7.
2184 4026 2326 4075 ‹at-8.

421 4091 595 4153 templo
643 4090 797 4139 houm
830 4090 1075 4141 Antonin
1096 4091 1341 4153 ‚iudieare-
1409 4099 1619 4143 constat
1650 4088 1938 4139 Antonium
1975 4085 2208 4137 nondum
2245 4087 2326 4137 di-

422 4154 530 4218 tur]
564 4153 650 4203 Sic
672 4156 855 4205 volunt
880 4155 1165 4220 scriptores
1190 4156 1341 4207 Groe-
1412 4156 1566 4207 sertis
1610 4156 1784 4205 verbis
1826 4154 2026 4203 hostem
2067 4166 2101 4201 a
2140 4160 2328 4202 senatu

422 4219 493 4275 ci,
527 4218 860 4277 Plutarchus,
901 4219 1197 4285 Appianas,
1216 4222 1341 4273 Dio.
1402 4221 1698 4287 judicatum
1721 4232 1852 4277 esse,
1875 4232 1992 4267 cum
2004 4216 2116 4281 ,iam
2150 4217 2330 4268 Pansa

424 4282 533 4333 Sed
574 4296 643 4333 ex
676 4282 946 4335 Ciceronis
981 4284 1164 4350 ipsius,
1189 4287 1343 4351 cujus
1412 4294 1471 4337 et
1511 4286 1721 4336 Hirtius
1760 4289 1820 4332 et
1857 4282 2037 4333 caenr
2078 4279 2328 4332 adversus

422 4348 583 4411 longe
606 4348 813 4413 gravior
835 4358 916 4399 est
936 4352 1243 4417 auctoritas,
1265 4352 1343 4401 di·
1413 4365 1532 4402 enm
1562 4350 1629 4400 ad
1664 4348 1925 4399 Mutinam
1963 4344 2330 4399 conflixerant.

296 4472 307 4481 ·
427 4414 591 4483 versis
634 4413 1051 4481 Philippicarum
1093 4416 1243 4477 locis,
1286 4423 1343 4468 et
1413 4416 1537 4468 vid.
1560 4424 1617 4468 et
1638 4414 1784 4481 Epit.
1807 4412 1927 4465 libri
1949 4412 2240 4497 sequentis.
