3300 5234
839 568 1053 619 mam
1101 568 1256 619 σιν.
1297 566 1949 621 surranum-trun.
2323 550 2495 619 ⁵021

263 710 546 791 petebant
570 730 610 770 a
634 708 912 773 omre:
955 710 1170 793 partim
1205 710 1428 793 pudore
1464 712 1773 795 prohibiti,
1814 720 2013 773 tamen
2050 728 2169 773 non

259 808 714 869 dissimulabant
753 816 1002 879 metum,
1037 808 1268 889 satique
1308 809 1584 871 instantis
1619 811 2007 871 acerbitatem
2031 810 2167 881 soli,

261 915 362 965 aut
387 906 540 967 inter
580 905 915 967 familiares
925 904 1249 978 deflebant,
1279 915 1296 943 ⁴
1327 906 1488 986 quod
1517 906 1945 967 immanissimis
1972 908 2165 987 genti·

259 1000 387 1072 bus,
422 1004 644 1085 quibus
669 1002 837 1064 nulla
863 1004 1056 1065 resisti
1095 1004 1156 1065 vi
1197 1004 1458 1065 humana
1481 1012 1702 1087 posset,
1728 1003 2168 1085 objicerentur!

261 1100 420 1181 Ergo
457 1110 522 1163 et
559 1102 685 1164 alia
715 1102 992 1163 indecore
1031 1100 1278 1174 fiebant,
1305 1110 1368 1162 et
1384 1102 1663 1163 timorem
1696 1102 1986 1163 incitabat
2008 1103 2163 1163 mili·
2188 1108 2489 1165 Ριοωιωο.

257 1208 404 1273 tum,
431 1198 592 1281 quod
635 1202 852 1282 panim
893 1200 1078 1262 etiam
1121 1200 1182 1259 in
1227 1199 1528 1281 principiis
1563 1207 1919 1261 testamema
1941 1200 2163 1261 scribe-

257 1288 510 1359 bantur(

161 1380 170 1389 ⁸
332 1398 438 1455 28.
484 1390 712 1465 Caessr,
751 1393 1144 1475 trepidatione
1183 1393 1482 1455 exercitus
1519 1392 1785 1472 cognita,
1826 1393 2085 1456 alienum
2124 1412 2163 1454 a
2186 1390 2324 1507 Dlss'·
2350 1390 2487 1458 21³¹&

257 1492 530 1570 presenti
567 1498 728 1551 statu
768 1491 1030 1571 putavit,
1055 1492 1117 1553 in
1153 1491 1494 1552 concionem
1530 1510 1665 1551 eum
1704 1490 2011 1562 advocari,
2040 1491 2159 1572 pri·
2290 1490 2305 1509 ⁶

225 1606 506 1668 ‘usquam
543 1588 818 1649 ductores
849 1586 1352 1649 confirmarentur.
1437 1586 1633 1667 Igitur
1666 1588 1915 1650 consilio
1938 1608 2161 1649 convo·
2184 1588 2311 1639 0⁸⁸·

253 1693 412 1755 cato,
455 1684 844 1765 omnibusque
891 1683 1170 1745 adhibitis
1213 1684 1677 1757 centurionibus,
1718 1694 1737 1721 ⁶
1766 1685 1996 1746 nullam
2036 1704 2163 1745 esse

251 1798 492 1841 causam
527 1779 806 1841 timendi'
839 1778 1038 1852 docet,
1077 1788 1096 1817 ‘
1121 1800 1194 1839 ne
1231 1780 1570 1843 Ariovistus
1602 1780 1803 1843 solvat
1836 1782 2157 1841 amicitiam

251 1886 370 1937 tam
423 1875 740 1956 diligenter
787 1877 1098 1957 quaesitam
1153 1884 1216 1937 et
1263 1876 1483 1959 cupide
1533 1877 1765 1939 initam.
1875 1876 2061 1944 Quod
2108 1878 2161 1938 si

248 1974 509 2033 maxime
561 1972 664 2033 ille
719 1974 996 2045 insaniat,
1047 1992 1165 2033 non
1217 1972 1354 2033 ideo
1407 1972 1861 2055 despondendos
1904 1958 2159 2048 animos,

247 2078 534 2151 tanquam
573 2070 656 2131 ob
693 2090 818 2130 rem
859 2090 1074 2131 novam
1115 2078 1180 2130 et
1219 2078 1504 2141 atrocem,
1541 2090 1691 2131 esse.
1776 2070 2054 2134 Cimbros
2096 2083 2161 2135 et

245 2164 552 2229 Teutonos
597 2166 776 2227 clade
823 2186 934 2227 sua
981 2166 1128 2227 satis
1174 2164 1464 2239 docuisse,
1519 2186 1630 2227 nec
1692 2168 1975 2229 invictam
2030 2190 2157 2231 esse

248 2260 680 2325 Germana-um
712 2260 1016 2334 ferociam,
1043 2282 1152 2323 nec
1187 2261 1364 2323 valde
1398 2260 1699 2325 difficilem
1736 2266 1917 2327 vinci.
2002 2264 2155 2349 Spe-

244 2378 372 2420 rare
409 2380 476 2421 se
509 2379 628 2422 non
663 2358 1052 2421 deterioribus
1083 2380 1320 2419 usurum
1353 2358 1659 2433 militibus,
1698 2380 1879 2440 quam
1922 2360 2157 2425 Marius
2204 2352 2221 2371 ‘

243 2455 583 2517 habuisset:
635 2476 747 2518 nec
787 2456 944 2537 ipsos
981 2455 1174 2517 multo
1211 2454 1546 2517 inferiorem
1587 2458 1927 2535 cognituros
1956 2448 2152 2541 impe·
2177 2468 2313 2521 Plut-

243 2562 520 2614 ratorem.
630 2552 834 2614 Etiam
895 2552 1170 2633 Spartaci
1224 2550 1388 2613 bello
1439 2550 1671 2613 deletas
1720 2550 2152 2617 Germanorum
2177 2564 2309 2618 cen.

245 2652 542 2711 maximas
572 2651 776 2734 copias
811 2669 850 2712 a
881 2649 1136 2713 ducibus
1171 2670 1290 2710 non
1326 2650 1602 2710 maximis
1633 2670 1785 2711 esse.
1870 2649 2027 2713 Cum
2062 2652 2155 2713 his

241 2748 387 2829 ipsis
431 2746 702 2807 hostibus
744 2767 848 2828 per
889 2766 992 2807 eos
1031 2766 1216 2807 annos
1259 2766 1418 2831 saepe
1463 2745 1787 2809 Helvetios
1825 2768 2151 2828 pugnasse:

241 2864 466 2927 eosque
501 2863 620 2904 non
655 2844 714 2905 in
755 2864 862 2904 suo
895 2852 1150 2914 tantum,
1176 2842 1281 2904 sed
1317 2844 1499 2905 etiam
1535 2844 1596 2903 in
1633 2842 1871 2905 illorum
1904 2846 2035 2907 solo
2064 2850 2155 2908 vi·-

237 2944 414 3003 cine.
526 2940 828 3009 Quorsum
867 2942 1046 3021 igitur
1089 2942 1338 3001 timeant
1381 2941 1460 3001 ab
1501 2940 1633 3001 aliis
1674 2950 1971 3022 expertos,
2017 2964 2155 3005 cum

237 3038 404 3101 band
458 3058 676 3119 magno
729 3039 967 3119 negotio
1026 3040 1354 3121 superiores
1409 3036 1736 3101 victoribus
1790 3060 1996 3101 eorum
2055 3038 2151 3101 fu-

238 3136 438 3199 erint?

279 3300 284 3305 ,
315 3239 422 3295 29.
466 3243 485 3270 ⁶
512 3234 698 3303 Quod
737 3245 937 3297 autem
971 3232 1216 3317 quidam
1249 3234 1445 3295 timori
1479 3234 1737 3313 tegendo
1768 3234 2151 3299 difficultates

237 3331 538 3405 itinerum,
587 3341 652 3393 et
709 3333 1008 3413 angustias
1065 3330 1464 3393 frumentariae
1518 3333 1604 3392 rei
1657 3333 2019 3404 obtendant3
2084 3333 2146 3394 id

235 3430 396 3511 ipsos
432 3440 772 3510 arroganter
806 3426 1028 3503 facere,
1065 3430 1169 3509 qui
1205 3448 1370 3489 sunm
1399 3430 1506 3508 jus
1539 3448 1666 3489 esse
1704 3439 1915 3512 putent
1946 3430 2023 3492 de
2056 3430 2148 3492 his

236 3528 412 3589 rebus
473 3526 846 3600 consulendi,
895 3547 1032 3607 quae
1083 3534 1228 3589 totoe
1285 3526 1653 3608 imperatoris
1706 3524 1901 3589 officio
1954 3532 2147 3590 conti-

233 3634 505 3687 neantur.
587 3624 786 3706 Igitur
825 3624 934 3686 illa
971 3625 1086 3685 sibi
1127 3644 1286 3686 curae
1327 3633 1391 3685 et
1428 3623 1630 3695 fuisse,
1672 3634 1734 3685 et
1777 3623 1923 3686 fore.
2008 3626 2147 3688 Ne-

231 3743 354 3804 que
397 3731 606 3805 putare
647 3742 792 3785 vera
833 3721 1126 3794 retulisse,
1165 3721 1270 3801 qui
1315 3720 1534 3781 milites
1574 3730 1813 3803 propter
1850 3723 2143 3797 timorem,

229 3822 336 3883 ubi
371 3830 572 3882 cestra
609 3820 830 3882 moveri
853 3820 1151 3900 jussisset,
1189 3819 1356 3897 signa
1395 3816 1731 3879 deserturos
1764 3838 1889 3879 esse
1928 3840 2145 3883 renun-

229 3920 458 3981 tiarint.
541 3916 690 3980 Non
733 3918 822 3978 ita
859 3938 924 3977 se
957 3906 1195 3978 virtutis
1231 3914 1654 3995 felicitatisque
1694 3934 1841 3987 suae,
1880 3936 1951 3977 ac
1992 3938 2145 3998 pm..

228 4026 396 4077 terea
432 4016 784 4076 innocentia!
824 4015 1126 4095 poenitere,
1175 4020 1264 4085 ut,
1307 4011 1469 4093 quod
1511 4009 1687 4072 malis
1722 4020 1903 4092 atque
1944 4014 2145 4073 avaris

225 4112 484 4175 ducibus
517 4110 842 4191 aliquando
877 4105 1210 4180 accidisset,
1238 4107 1302 4169 id
1337 4109 1453 4169 sibi
1490 4106 1871 4169 metuendum
1908 4129 1945 4170 a
1983 4110 2140 4171 mili-

225 4210 387 4270 tibus
430 4209 556 4269 suis
593 4208 978 4269 existimaret.
1073 4206 1282 4286 Atque
1329 4213 1396 4265 ut
1433 4205 1633 4265 statim
1674 4205 2001 4286 periculum
2046 4205 2140 4267 fa-

223 4315 391 4369 ceret
425 4306 774 4376 animorum,
805 4302 966 4385 quod
1002 4311 1182 4365 antea
1215 4303 1277 4363 iu
1311 4300 1439 4361 dies
1475 4302 1709 4382 aliquot
1740 4300 1950 4363 fuisset
1979 4302 2153 4365 dila-'

226 4413 414 4478 turus,
443 4402 654 4464 eadem
696 4410 868 4463 nocte
908 4401 984 4461 de
1021 4409 1240 4481 quarta
1272 4398 1478 4480 vigilia
1501 4398 1920 4481 profecturum.
2009 4399 2137 4462 De-
