3300 5234
852 563 1057 614 usm
1106 563 1322 615 cxvi.
1368 562 2020 615 surranuamuu.
2362 546 2541 617 5347

306 706 635 767 familiares
657 708 789 787 ejus
813 707 967 769 hanc
998 728 1211 789 augere
1236 708 1652 791 suspicionem.
1737 708 2082 769 Novissime
2108 728 2216 790 pro
2240 719 2367 769 Flet.
2391 738 2460 771 xv.
2484 726 2537 775 2.

308 805 513 865 rostris
552 823 729 864 aurea
770 804 942 877 sella,
970 806 1031 865 in
1064 806 1227 885 regia
1264 815 1447 879 veste,
1472 826 1609 867 cum
1639 826 1828 867 aurea
1862 826 2084 867 corona
2121 825 2215 865 se·
2239 786 2348 899 gf·
2375 786 2512 851 Epit.

308 899 569 971 dentem,
616 900 709 961 Μ.
753 899 1079 975 Antonius,
1122 902 1272 963 inter
1318 901 1619 984 Lupercos
1650 906 1908 987 currens,
1947 901 2118 974 adiit,
2154 910 2219 961 et
2272 866 2544 965 Pisaeus.

307 996 589 1058 diadema
627 1007 900 1079 paratum
938 998 1212 1072 afferens,
1250 1000 1433 1080 capiti
1472 1002 1605 1079 ejus
1644 1000 2012 1080 imponebat,
2035 1004 2216 1059 ”tanta
2239 978 2498 1094 etcffssssssj

306 1094 609 1154 hominum
636 1094 933 1165 moestitia,
960 1103 1027 1155 ut
1052 1096 1233 1155 etiam
1256 1095 1349 1156 M.
1374 1095 1639 1177 Lepidus
1659 1104 1950 1158 averteret
1973 1094 2210 1163 oculos;
2239 1108 2425 1157 chron.

309 1198 373 1250 et
412 1190 621 1251 Gaesar
665 1192 791 1273 ipse
838 1192 1171 1273 repelleret,
1216 1192 1539 1275 plaudente
1592 1193 1840 1275 populo,
1887 1192 1990 1273 qui
2035 1192 2214 1253 modo
2241 1172 2540 1288 Ifijitphss·

310 1288 567 1367 graviter
593 1289 973 1367 ingemuerat.
2238 1302 2440 1379 Snetpn.

388 1392 493 1445 32.
537 1383 617 1445 Id
668 1387 813 1464 quia
863 1386 1088 1447 factum
1140 1396 1271 1447 erat
1322 1386 1662 1467 aliquoties,
1715 1398 1923 1466 neque·
1957 1385 2216 1447 offensus
2239 1365 2457 1481 Agssm‘

2365 1464 2381 1481 .
2412 1430 2546 1479 Phil.

312 1480 521 1541 Caesar
548 1501 655 1562 pro
678 1482 969 1561 gravitate
1004 1482 1089 1565 rei
1126 1482 1462 1555 videbatur,
1488 1492 1573 1554 et,
1598 1502 1736 1542 cum
1759 1482 1943 1563 capiti
1981 1481 2212 1543 detrac-
2244 1512 2371 1544 xm.
2393 1500 2444 1545 8.
2468 1512 2520 1543 v.

310 1586 435 1638 tum
460 1579 521 1637 in
540 1578 691 1638 sella
706 1577 1081 1650 collocasset,
1100 1579 1430 1659 seposuisse
1452 1580 1674 1658 potius,
1695 1598 1878 1658 quam
1903 1577 2214 1659 repudiare
2241 1563 2328 1673 ἕξ,
2337 1560 2539 1673 ’ἒΡῙὶῗ*·

306 1674 679 1735 existimatus
725 1682 840 1746 est,
889 1674 1189 1735 enimvero
1238 1674 1552 1735 manifesta
1602 1694 1696 1734 res
1741 1676 1894 1735 visa.
1991 1672 2214 1755 Neque
2239 1640 2454 1739 Sueten?
2495 1656 2512 1673 ⁶

306 1770 603 1831 mentibus
624 1772 807 1831 eximi
830 1770 1088 1851 suspicio
1128 1771 1361 1851 potuit:
1404 1790 1742 1850 quanquam
1769 1790 1911 1831 mox
1938 1770 1998 1830 in
2028 1770 2216 1852 Capi-
2241 1755 2370 1805 Plut.
2404 1752 2522 1803 ⁰³⁰·

306 1868 521 1928 tolium
560 1867 711 1928 illud
750 1868 1059 1939 mitteret‚⁵
1109 1876 1126 1904 ‘
1144 1866 1337 1928 solum
1370 1866 1587 1928 Jovem
1630 1865 2042 1928 Romanorum
2087 1886 2216 1927 esse

306 1984 507 2043 regem
523 1964 541 1995 ’
592 1965 887 2026 dictitans.
970 1964 1163 2025 Plura
1212 1965 1371 2025 enim
1414 1960 1705 2044 au'gendae
1751 1964 2066 2047 suspicioni
2109 1964 2214 2025 fie-

305 2060 479 2131 bant,
506 2068 611 2121 aut
633 2060 831 2122 futura
852 2060 1259 2123 credebantur.
1342 2059 1513 2121 Nam
1538 2069 1601 2120 et
1624 2058 1832 2141 pass'us
1856 2069 1986 2123 erat
2011 2060 2218 2123 Caesar
2274 2068 2372 2120 Dio
2391 2076 2444 2118 et

308 2158 527 2219 mrim
572 2158 635 2217 in
682 2156 879 2219 Pastis
921 2158 999 2218 ad
1042 2140 1421 2238 Lupercalia,
1474 2166 1493 2195 ⁶
1514 2156 1591 2217 c,
1640 2156 1890 2227 emi,
1939 2156 2218 2217 dictatori
2240 2133 2501 2249 fikffffl·

308 2263 623 2335 perpetuo,
661 2254 755 2315 Μ.
799 2254 1133 2316 Antonium
1172 2251 1473 2315 consulem
1514 2252 1724 2334 populi
1758 2253 1932 2332 jussu
1967 2274 2216 2332 regnum
2291 2234 2304 2249 ⁸

308 2347 614 2422 detulisse,
659 2348 957 2411 Dusarem
992 2352 1081 2411 uti
1118 2349 1413 2410 uoluisse.'
1496 2348 1696 2429 Igitur
1733 2368 1856 2409 rem
1902 2358 2098 2410 actam
2138 2369 2216 2409 ex
2241 2362 2357 2413 Dio.

308 2448 639 2527 composito
667 2447 1027 2510 credebant:
1071 2456 1139 2507 ut
1168 2446 1397 2517 Caesar,
1432 2445 1595 2526 quod
1628 2444 2076 2524 flagrantissime
2111 2466 2216 2506 cu·

310 2542 536 2621 piebat,
577 2545 875 2625 suscipere
918 2553 1161 2605 coactus
1209 2535 1524 2605 videretu'r.
1610 2542 1779 2610 Quin
1824 2543 2004 2603 etiam
2053 2542 2218 2603 fama

310 2641 668 2719 percrebuit,
711 2650 730 2677 ‘
750 2641 1133 2720 migraturum
1174 2638 1615 2700 Alexandriam
1657 2638 1754 2699 vel
1798 2638 2005 2710 Ilium,
2045 2648 2112 2699 ut
2155 2638 2216 2699 id
2239 2650 2436 2701 Sueten.

308 2734 589 2817 deinceps
611 2738 899 2799 haberet⁶
930 2737 1157 2819 imperii
1183 2746 1400 2818 caput:
1442 2737 1854 2816 exhaustaque
1891 2734 2218 2797 delectibus

312 2832 523 2906 Italia,
550 2836 809 2914 regimen
836 2834 1055 2896 Romoe
1080 2835 1491 2915 permissurum
1518 2833 1742 2893 amicis.
1787 2832 1908 2893 Sed
1935 2842 1997 2893 et
2014 2833 2216 2914 proxi·

310 2950 413 2991 mo
434 2940 643 2993 senatu
670 2931 739 2994 L.
770 2932 1013 2993 Cottam
1046 2932 1597 2999 Quindecimvirum
1632 2931 1986 2991 sententiam
2021 2929 2215 2989 dictu·
2273 2938 2382 2990 cic.
2409 2938 2473 2988 do

310 3047 463 3099 rum,
510 3038 581 3089 ut
627 3030 905 3109 quoniam
955 3028 1122 3089 libris
1172 3026 1485 3109 Sibyllinis
1533 3028 2020 3109 comprehensum
2063 3036 2220 3087 eset
2240 3004 2541 3131 Rasissfss

313 3123 581 3185 Parthos
612 3126 723 3185 nisi
748 3145 787 3186 a
826 3144 963 3205 rege
999 3124 1161 3186 vinci
1200 3144 1317 3185 nou
1352 3144 1545 3205 posse,
1574 3122 1783 3183 Casas·
1809 3143 1916 3184 rex
1944 3122 2214 3205 appella·
2239 3134 2370 3182 Plut.
2393 3132 2523 3181 cm.

312 3221 516 3281 tetur-³
2239 3198 2440 3247 Sueten.

395 3322 495 3377 33.
539 3315 621 3377 Id
656 3318 993 3379 maturandi
1030 3316 1265 3379 consilii
1298 3336 1541 3377 causam
1590 3316 1916 3396 conjuratis
1955 3316 2216 3377 attulisse

312 3412 629 3485 creditum,
664 3424 727 3474 et
756 3416 901 3495 quia
935 3434 1141 3475 revera
1162 3434 1361 3493 regem
1388 3411 1591 3472 Caesar
1616 3412 1859 3491 agebat,
1884 3431 1962 3472 ne
1985 3412 2218 3473 modes·

312 3520 441 3571 tum
468 3511 731 3590 quidem,
756 3512 863 3573 sed
898 3520 1323 3573 assentatorum
1347 3510 1593 3570 vocibus
1624 3509 2008 3589 infatuatum,
2036 3517 2102 3568 et
2125 3509 2214 3569 ni·
2240 3531 2356 3581 Dio.

314 3608 465 3669 mios
486 3609 737 3669 bonores
759 3610 885 3669 sine
910 3628 1152 3670 numero
1176 3607 1601 3669 admittentem.
1688 3605 1856 3666 Nam
1883 3613 2093 3684 praeter
2116 3625 2218 3665 eos

314 3705 419 3783 qui
454 3706 574 3785 suis
596 3706 747 3766 locis
771 3715 909 3766 suut
932 3704 1261 3775 memorati,
1280 3701 1581 3764 decretum
1606 3703 1664 3761 ei
1690 3700 1908 3770 suerat,
1939 3709 1956 3737 ‘
1981 3702 2069 3761 uti
2096 3700 2214 3761 sas·
2239 3710 2367 3761 Flor.
2391 3710 2522 3760 Plut.

312 3800 549 3879 tigium,
573 3801 851 3882 qualibus
881 3802 1077 3863 ornan‘
1110 3799 1337 3881 templa
1366 3799 1579 3868 solent,
1607 3798 1668 3857 in
1699 3796 1878 3857 domo
1903 3797 2032 3874 ejus
2056 3796 2216 3857 loca·
2239 3807 2359 3859 Dio.

316 3906 516 3959 retur:
559 3899 683 3979 ipse
707 3898 899 3960 curuli
920 3897 1073 3959 sella
1096 3916 1329 3978 semper
1354 3902 1657 3963 uteretur3
1703 3891 1863 3953 ludis
1884 3892 1942 3951 in
1970 3893 2214 3953 tribuni-

312 3994 411 4055 cio
449 3994 733 4055 subsellio
770 4002 1067 4076 spectaret
1112 3992 1263 4053 inter
1313 3991 1613 4051 tribunos:
1662 3989 1864 4069 opima
1911 3989 2108 4067 spolia
2155 3990 2214 4049 in

313 4089 539 4172 templo
562 4090 731 4153 Jovis
750 4091 997 4152 Feretrii
1023 4086 1435 4168 suspenderet:
1464 4086 1701 4147 lictores
1723 4104 1954 4165 semper
1971 4084 2220 4146 haberet

378 4240 411 4285 6
450 4236 877 4289 Existimmaest.
944 4236 1112 4301 Neque
1136 4268 1151 4284 .
1178 4268 1192 4284 .
1217 4268 1230 4283 .
1252 4231 1468 4283 written-et
1504 4246 1607 4281 eam
1641 4228 1762 4283 edd.
1797 4236 1920 4280 ante
1945 4229 2097 4279 (ἶπον.
2127 4228 2216 4293 qui

311 4302 545 4352 correxit
558 4317 627 4352 ex
642 4302 794 4352 Suet.

377 4370 412 4415 ο
444 4366 571 4415 Eam
590 4367 807 4443 deinceps
842 4364 1109 4429 habitum,
1144 4371 1201 4413 et
1221 4378 1337 4412 mox
1370 4366 1604 4425 postremo
1624 4374 1721 4425 pro
1738 4359 1974 4425 proximo.
2004 4366 2059 4409 et
2089 4358 2218 4409 vinci

304 4446 447 4496 poue
479 4446 571 4496 pro
594 4434 721 4483 maci
740 4446 832 4481 nos
852 4445 986 4496 poue
1008 4428 1128 4480 edd.
1153 4436 1272 4479 aute
1293 4428 1449 4479 Crev-
