3300 5234
829 514 1042 611 nunu
1094 561 1314 611 cvm.
1361 558 2015 613 surrnssunuruu.
2337 545 2512 615 6129

274 706 340 767 in
368 705 621 766 exitium
643 703 1060 767 Romanorum
1084 702 1447 786 delegerant,
1476 706 1688 787 paucis
1720 707 2012 789 exceptis,
2035 707 2190 768 ceci-

277 802 520 864 derunt.

366 906 469 963 17.
513 897 665 961 Dux
688 918 891 959 eorum
919 898 1175 961 Correus
1200 918 1367 979 aeque
1392 899 1595 980 fugam
1622 907 1804 980 atque
1829 899 2192 961 deditionem

274 1006 519 1079 turpem
562 1006 745 1069 ratus,
779 995 1095 1057 fortissime
1127 996 1383 1078 praeliari
1426 1017 1543 1058 non
1584 998 1804 1069 omisit,
1827 997 2020 1059 donec
2060 996 2191 1057 Ro-

276 1114 515 1166 manos,
543 1094 647 1176 qui
671 1096 875 1156 vivum
900 1114 1115 1177 capere
1157 1094 1523 1166 maluissent,
1548 1094 1936 1167 vulnerando,
1965 1096 2092 1156 tela
2133 1097 2194 1155 in

274 1212 341 1252 se
382 1192 685 1271 conjicere
729 1194 945 1271 coegit.
1030 1190 1177 1253 Hoc
1216 1192 1429 1273 praelio
1464 1192 1832 1254 debellatum
1846 1213 1870 1253 ε
1915 1194 2192 1275 missique

276 1287 359 1349 ad
386 1287 693 1349 Caesarem
717 1296 983 1349 oratores
1022 1289 1357 1361 civitatum,
1387 1288 1644 1362 obsides,
1670 1309 1822 1369 quos
1861 1289 1964 1350 ille
2003 1291 2190 1371 impe-

276 1394 539 1458 raverat,
567 1385 961 1447 adduxerunt.
1045 1384 1299 1447 Pacatis
1320 1387 1593 1447 omnibus
1628 1386 1786 1459 aliis,
1810 1386 1970 1447 solus
2004 1366 2190 1448 Atre-

274 1486 389 1545 bm
412 1482 667 1544 Comius
691 1503 857 1543 uma
880 1483 1193 1556 retinebat,
1222 1483 1391 1545 nulla
1426 1483 1732 1544 resistendi
1763 1504 1894 1564 spe,
1933 1483 2042 1545 sed
2083 1485 2190 1546 de-

276 1582 617 1663 speratione
660 1580 888 1653 salutis‚
932 1582 1078 1661 quia
1112 1582 1331 1643 nemini
1370 1600 1433 1641 se
1477 1580 1888 1643 Romanorum
1931 1581 2192 1643 audebat

276 1680 671 1739 committere.
754 1676 925 1739 Nam
966 1679 1265 1759 superiore
1317 1698 1473 1740 anno
1518 1679 1629 1739 sub
1671 1679 1866 1760 specie
1905 1679 2192 1761 colloquii

276 1777 505 1857 petitus
530 1774 760 1837 insidiis
783 1784 1025 1838 auctore
1052 1774 1340 1848 Labieno,
1368 1773 1615 1839 vulnere
1640 1783 1890 1859 accepto
1915 1778 2023 1839 vix
2049 1796 2192 1837 eva·

276 1882 461 1935 serat.

356 1976 469 2031 18.
512 1968 741 2042 Coesar,
768 1990 843 2031 eo
866 1968 1029 2031 bello
1054 1952 1348 2044 confecto,
1376 1970 1437 2031 in
1464 1968 1615 2031 fines
1640 1968 1986 2031 Eburonum
2011 1966 2192 2051 profi-

270 2065 547 2139 ciscitur,
566 2086 783 2147 eosque
802 2066 1203 2129 crudelissime
1223 2067 1521 2127 devastat:
1564 2087 1637 2127 eo
1656 2067 1928 2138 consilio,
1945 2074 2013 2127 ut
2037 2068 2194 2129 Am-

276 2164 595 2243 biorigem,
621 2184 797 2246 quem
822 2163 959 2245 capi
984 2184 1155 2245 posse
1180 2163 1545 2247 desperaret,
1584 2165 1645 2225 iu
1671 2184 1964 2225 summum
1988 2162 2194 2223 odium

276 2278 521 2321 suorum
548 2260 893 2333 adduceret,
910 2260 1013 2341 qui
1037 2268 1270 2341 propter
1294 2260 1462 2321 istius
1480 2259 1792 2342 perfidiam
1817 2270 1942 2321 tam
1969 2260 2198 2324 atrocia

279 2364 645 2439 paterentur.
730 2356 855 2419 Sed
884 2356 1161 2419 Omnium
1190 2357 1251 2419 in
1280 2358 1660 2419 Britanniam
1679 2356 2006 2437 fugientem
2041 2357 2194 2427 inse-
2251 2364 2464 2416 Fmtin.

276 2465 457 2519 cums
503 2453 945 2537 deprehendere
986 2476 1103 2517 non
1140 2464 1439 2537 potuerat,
1486 2456 1726 2535 egregio
1767 2454 2018 2515 hominis
2063 2464 2194 2515 astu
2219 2432 2360 2481 ΒΜ·
2375 2435 2522 2483 ¹¹³⁸·

278 2552 543 2615 delusus.
626 2552 799 2615 Nam
818 2554 893 2625 is,
917 2572 1055 2615 cum
1080 2553 1161 2615 ad
1184 2572 1473 2615 oceanum
1496 2554 1764 2624 veniens,
1789 2562 2034 2613 ventum
2059 2552 2193 2634 qui·-
2223 2554 2232 2567 ‘

274 2650 417 2713 dem
464 2650 815 2724 secundum,
858 2650 964 2711 sed
1009 2660 1217 2711 aestum
1256 2650 1627 2713 recedentem
1673 2650 2014 2721 invenisset,
2046 2652 2192 2712 etin

278 2750 459 2810 siccis
500 2749 793 2810 aestuariis
834 2767 1018 2809 naves
1060 2749 1369 2821 haererent,
1414 2746 1597 2829 pandi
1638 2746 2016 2807 nihilominus
2057 2746 2196 2809 vela

270 2848 475 2925 jun-t.
562 2844 724 2925 Ergo.
749 2843 978 2917 Ooesar,
1004 2864 1141 2906 cum
1166 2845 1395 2906 eminus
1419 2843 1708 2905 tumentia
1729 2851 1911 2905 vento
1943 2842 2192 2915 videret,

271 2945 403 3021 jam
431 2944 697 3003 incursu
736 2962 863 3003 ene
900 2950 1135 3023 putans,
1178 2962 1253 3003 ne
1288 2942 1507 3004 frustra
1540 2944 1760 3024 periret
1783 2942 1898 3003 sibi
1938 2951 2192 3023 tempus,

282 3042 546 3103 receaeit.
885 3077 897 3094 ι

358 3144 466 3199 19.
512 3136 755 3199 Interea
774 3137 835 3197 in
856 3136 1235 3209 Pictonibus,
1266 3134 1517 3198 Dur-acii
1538 3145 1720 3218 atque
1743 3134 2042 3197 Dumnaci
2067 3135 2190 3217 ‘¹⁵9⁹
2215 3144 2342 3194 Hirr.

282 3234 489 3297 cordia
512 3256 735 3297 novum
760 3235 987 3297 bellum
1017 3244 1231 3296 ortum.
1319 3232 1646 3305 Duracius,
1672 3234 1776 3314 qui
1799 3254 2031 3313 semper
2057 3230 2192 3294 Ro-

284 3352 595 3395 manarum
621 3334 875 3415 partium
903 3332 1119 3405 fuerat,
1147 3333 1207 3392 in
1244 3332 1467 3413 oppido
1508 3332 1761 3393 Limono
1787 3331 2192 3395 obsidebatur.

286 3430 485 3511 Igitur
524 3430 603 3493 Ο.
634 3431 923 3491 Caninius
956 3430 1241 3502 Rebilus,
1278 3430 1511 3491 duabus
1548 3450 1700 3510 quas
1723 3429 1982 3489 habebat
2008 3428 2192 3509 legio·-

284 3529 457 3590 nibus
480 3526 779 3601 adductis,
805 3546 943 3589 cum
968 3512 1047 3587 ad
1084 3526 1489 3588 dimicandum
1515 3525 1674 3587 haud
1701 3526 1844 3585 satis
1867 3524 2067 3587 firmas
2091 3546 2192 3587 co-

284 3627 411 3707 pias
454 3626 731 3697 haberet,
780 3626 1009 3686 munito
1068 3624 1205 3685 loco
1252 3622 1541 3686 consedit.
1628 3622 1752 3683 Sed
1821 3622 2190 3693 Dumnacus,

282 3724 491 3785 castris
506 3743 617 3805 per
643 3722 874 3803 aliquot
896 3721 1023 3782 dies
1046 3722 1263 3783 frustra
1280 3722 1654 3805 oppugnatis,
1681 3741 1818 3781 cum
1843 3720 2092 3781 redisset
2117 3720 2194 3779 ad

284 3820 653 3883 obsidionem
699 3818 960 3893 Limoni‚
1002 3820 1219 3881 certior
1253 3818 1449 3881 factus
1485 3818 1561 3879 de
1600 3818 1860 3881 adventu
1901 3816 1977 3877 C.
2017 3814 2196 3877 Fabii
2294 3840 2304 3855 ·

286 3916 489 3997 legati,
518 3938 595 3978 ne
629 3917 767 3979 hinc
798 3916 879 3977 ab
908 3918 1271 3978 exercitibus
1310 3916 1626 3987 Romanis,
1666 3914 1806 3975 inde
1842 3915 1922 3974 ab
1946 3914 2196 3975 obsessis

286 4014 685 4088 invaderetur,
714 4014 973 4095 Ligerim
997 4016 1209 4075 statuit
1232 4015 1438 4096 copias
1454 4012 1854 4075 transducere.
1918 4009 2039 4071 Sed
2058 4012 2194 4089 jam

286 4119 525 4191 pontem
554 4110 633 4172 C.
657 4110 882 4172 Fabius
904 4120 1345 4192 occupaverat:
1388 4110 1576 4191 isque,
1596 4110 1866 4191 equitatu
1887 4110 1948 4168 in
1969 4108 2196 4171 nescios

286 4217 347 4268 et
366 4228 447 4270 ex
472 4209 689 4269 itinere
714 4205 899 4269 senos
920 4208 1203 4294 immisso,
1224 4226 1501 4287 magnam
1528 4214 1784 4288 stragem
1809 4204 2022 4266 edidit.
2073 4204 2190 4264 Ce-

286 4304 527 4369 dentem
566 4302 785 4365 deinde
832 4303 1211 4365 Dumnacum
1252 4306 1549 4365 insecutus
1594 4304 1680 4368 ita
1732 4301 2089 4383 profligavit,
2127 4310 2194 4361 ut

286 4400 605 4483 plusquam
623 4400 935 4463 duodecim
956 4403 1257 4467 hominum
1272 4400 1469 4463 millia
1482 4400 1930 4489 conciderentur
1946 4421 1963 4471 ς
1997 4397 2192 4460 Dum-

412 4516 593 4581 netptt
614 4526 665 4567 n
684 4514 803 4570 var.
828 4516 959 4569 ctas.
1350 4514 1537 4567 ιεοεω.
1664 4542 1680 4549 -
2237 4516 2297 4567 ισ
2332 4512 2386 4563 n
