3300 5234
740 428 917 493 5140
1691 446 1762 494 τ.
1807 446 2004 495 mvn

1068 596 1181 660 ret,
1208 596 1516 670 acceptam
1552 588 1908 663 mercedem,
1933 589 2248 651 trecenties
2279 588 2555 669 sexagies
2589 589 2962 660 mettium,-

771 684 907 735 run.
1068 684 1335 747 basilicoe
1372 705 1496 746 sum
1531 686 1842 767 impendit,
1867 707 2050 767 quam
2084 696 2220 768 post
2252 688 2390 747 anni
2425 686 2726 767 sequentis
2767 686 2962 746 iucen-

742 752 1047 881 3:135&ss
1068 784 1233 845 dium
1246 786 1433 865 juxta
1464 783 1660 845 forum
1683 787 2004 859 exstruxit,
2039 806 2160 867 quo
2195 786 2332 847 loco
2357 784 2520 867 prius
2543 784 2764 847 Fulvia
2787 794 2964 847 stete-

743 878 907 993 Amat.
930 886 983 929 et
1070 891 1203 943 rat:
1244 882 1415 963 quasi
1440 884 1762 963 perituram
1787 884 2022 945 timeret
2047 883 2284 965 pessimi
2302 882 2584 944 facinoris
2601 882 2964 953 memoriam,

796 960 963 1009 ΡΜ
1070 980 1183 1041 uisi
1204 976 1541 1040 admirandi
1568 982 1764 1061 operis
1785 978 2159 1041 dedicatione
2183 986 2646 1041 consecraretur.

741 1068 1047 1122 Fun-¹¹⁴⁶·
1150 1082 1211 1137 8.
1252 1076 1379 1137 His
1412 1075 1773 1149 consulibus,
1812 1076 1952 1139 lana
1991 1077 2146 1160 pluit
2185 1078 2356 1138 circa·
2387 1074 2703 1137 castellum
2750 1074 2966 1136 Coma-

741 1166 1045 1233 samon-oq.
1068 1192 1235 1246 num,
1271 1173 1377 1234 ubi
1414 1172 1533 1235 loci
1562 1194 1684 1236 nou
1723 1174 1913 1237 multo
1952 1184 2090 1257 post
2129 1176 2360 1236 occisus
2388 1185 2481 1234 est
2521 1173 2704 1235 Milo.
2791 1171 2969 1232 Mula

1068 1272 1325 1353 pariens,
1369 1272 1657 1333 bonorum
1703 1273 2025 1344 interitum,
2071 1273 2456 1333 mutationem
2497 1271 2719 1350 legum,
2769 1278 2972 1350 turpes

1068 1368 1463 1431 matronarum
1504 1380 1706 1451 partus
1729 1368 2089 1449 siguificaoee
2121 1369 2350 1431 credita
2380 1377 2507 1429 est:
2548 1366 2654 1429 sed
2686 1387 2804 1428 uon
2839 1374 2970 1432 erat

1068 1466 1354 1547 prodigiis
1385 1486 1559 1550 opus,
1601 1486 1738 1528 cum
1785 1466 2050 1548 pericula
2087 1476 2150 1527 et
2193 1466 2486 1527 libertatis
2526 1464 2798 1526 interitus
2833 1465 2968 1543 jam

1068 1562 1259 1625 oculis
1304 1564 1611 1625 bominum
1671 1564 2142 1627 obversarentur.
2241 1562 2629 1632 Quotidiano
2677 1562 2840 1623 enim
2891 1558 2968 1619 de

1066 1660 1434 1722 mccessioue
1484 1660 1740 1721 Caesaris
1784 1661 2186 1723 coutentium
2233 1668 2436 1721 erant:
2503 1680 2643 1721 cum
2689 1656 2971 1719 adversus

1067 1757 1353 1839 Pompeii
1390 1757 1856 1841 potentissimam
1894 1757 2216 1821 factionem
2259 1756 2367 1817 ille
2405 1755 2567 1817 baud
2617 1754 2836 1815 minori-
2873 1772 2970 1814 ro-

1066 1854 1212 1916 bore
1234 1856 1522 1917 resisteret
1546 1874 1563 1917 :
1604 1874 1801 1936 neque
1831 1856 1968 1938 plus
1999 1856 2090 1917 illi
2121 1854 2491 1937 prodessent,
2515 1854 2620 1936 qui
2645 1852 2973 1939 amicitiam

1070 1950 1518 2033 profitebatur,
1540 1970 1724 2033 quam
1745 1954 1850 2034 qui
1873 1953 2236 2014 simulabant
2257 1951 2483 2013 odium.

778 2055 877 2133 Dic
898 2062 950 2106 et
1150 2058 1211 2111 4.
1252 2050 1445 2129 Cujus
1466 2051 1552 2111 rei
1588 2070 1852 2111 summus
1889 2050 2105 2111 artifex
2141 2048 2328 2110 Curio
2363 2048 2698 2109 minabatur
2731 2047 2972 2127 iu‘spe-

742 2120 960 2187 ΛΡΜ
1064 2146 1223 2209 ciem
1270 2145 1520 2220 Caesari,
1558 2145 1808 2209 consilia
1845 2145 2324 2207 communicabat
2357 2164 2497 2205 cum
2535 2142 2970 2227 Pompeianis:

1068 2251 1139 2303 ut
1160 2251 1225 2304 et
1250 2242 1485 2306 illorum
1510 2242 1870 2327 perdisceret
1893 2244 2128 2305 intimos
2146 2262 2370 2315 seusus,
2389 2250 2474 2315 et,
2495 2240 2686 2303 donec
2705 2240 2972 2301 animum

1068 2338 1290 2401 nudare
1332 2348 1730 2423 opportunum
1771 2338 2092 2411 videretur,
2127 2337 2266 2420 ,plus
2307 2357 2388 2398 ex
2430 2336 2669 2399 occulto
2709 2325 2982 2400 nocer-etl

638 2476 647 2483 -
778 2434 871 2487 cic
902 2436 969 2485 ad
1072 2436 1413 2499 Maximum
1454 2437 1706 2498 bominis
1743 2434 2175 2497 vestamentum
2215 2436 2278 2495 in
2315 2455 2390 2495 eo
2427 2442 2581 2506 erat,
2613 2442 2702 2504 ut,
2740 2433 2970 2506 multis,

743 2498 1047 2613 Yffivgtms.
1069 2532 1175 2593 sed
1202 2534 1495 2606 inanibus,
1522 2532 1726 2595 effusis
1743 2532 1802 2593 iu
1829 2531 2132 2593 omrem
2156 2530 2354 2604 dictis,
2379 2532 2592 2592 sensim
2618 2530 2698 2591 ad
2731 2550 2809 2591 ea
2833 2552 2970 2613 quae

742 2626 960 2695 Appiam.
1069 2630 1430 2713 Pompeium
1468 2638 1543 2691 et*
1570 2630 1890 2710 optimates
1930 2622 2226 2690 offensui-a
2265 2636 2437 2688 eraut
2481 2626 2971 2709 progrederetur:

1068 2736 1355 2810 tauquam
1380 2734 1718 2787 neutrarum
1747 2725 2024 2807 partium,
2050 2734 2115 2786 et
2147 2724 2440 2785 libertatis
2471 2721 2808 2784 custodiam
2843 2726 2972 2785 cui-

1068 2825 1159 2887 vis
1194 2824 1399 2903 gratim
1434 2832 1816 2904 anteponens.
1899 2814 2045 2883 Nec
2080 2842 2154 2882 eo
2191 2820 2542 2883 animoista
2577 2821 2972 2909 proponebat,

1067 2930 1137 2982 ut
1162 2920 1464 2981 decretum
1488 2921 1561 2979 iri
1590 2928 1876 3002 speraret,
1903 2928 2008 2982 aut
2030 2920 2270 2980 omnino
2295 2926 2539 3000 cuperet
2560 2917 2798 2978 decerni
2821 2936 2838 2977 ε
2867 2917 2976 2978 sed

1066 3018 1161 3078 bis
1186 3017 1416 3097 negatis
1436 3034 1585 3076 ansa
1605 3014 1862 3077 dabatur
1884 3016 1964 3088 ei,
1990 3024 2055 3075 et
2077 3034 2213 3095 quae
2238 3022 2445 3075 contra
2469 3012 2770 3075 Caesarem
2794 3034 2972 3095 para-

1066 3116 1285 3175 bantur
1316 3114 1472 3174 citra
1495 3114 1890 3195 suspicionem
1927 3111 2306 3195 impediendi.
2390 3110 2584 3191 Igitur
2606 3112 2701 3172 his
2723 3122 2972 3173 conten·

744 3224 861 3275 Dio.
1070 3212 1330 3272 tionibus
1366 3232 1505 3273 cum
1547 3212 1827 3293 temporis
1860 3206 2214 3293 permultum
2252 3218 2407 3271 esset
2440 3218 2830 3283 consumtum,
2879 3210 2970 3269 in-

740 3290 1049 3406 rffivffm·
1070 3308 1249 3388 dig-ne
1300 3328 1365 3369 se
1404 3308 1466 3368 id
1514 3306 1670 3369 ferre
1714 3306 2018 3380 simulans,
2061 3316 2130 3367 ut
2179 3306 2624 3368 intercalaretur
2669 3305 2971 3388 postulare

744 3418 865 3469 Dio.
1008 3433 1015 3443 ·
1055 3406 1273 3487 eoepit,
1298 3414 1583 3485 tauquam
1607 3402 1803 3487 spatio
1837 3402 2106 3483 indigens
2129 3402 2208 3465 ad
2231 3397 2582 3487 perferenda
2601 3422 2738 3485 quae
2763 3402 2969 3464 vellet.

772 3515 993 3566 much.
1152 3509 1213 3565 5.
1255 3501 1407 3563 Erat
1444 3510 1642 3563 autem
1675 3500 2065 3563 intercalandi
2099 3499 2260 3583 apud
2286 3500 2618 3573 Romanos,
2643 3519 2724 3560 ex
2749 3520 2970 3581 magno

736 3580 853 3657 ΒΨ
866 3596 905 3632 ¹·
926 3586 1009 3635 ¹⁸·
1070 3609 1337 3662 veterum
1382 3620 1575 3662 errore
1624 3600 1686 3659 iu
1731 3610 1890 3661 auno
1938 3597 2376 3670 constituendo,
2425 3608 2559 3659 orta
2607 3599 2967 3659 necessitas:

1067 3697 1283 3758 deinde
1306 3717 1385 3758 ex
1410 3696 1731 3759 ambitione
1756 3705 1860 3757 aut
1883 3696 2216 3776 ignorantia
2233 3696 2628 3779 sacerdotum,
2654 3696 2872 3777 quibus
2895 3716 2968 3757 ea

1067 3796 1379 3857 commin
1406 3814 1552 3857 cura
1578 3794 1799 3865 fuerat,
1825 3793 2116 3855 mirabilis
2152 3794 2437 3856 confusio.
2519 3792 2676 3855 Cum
2703 3794 2859 3854 enim
2887 3792 2966 3855 ad

1067 3892 1227 3953 luno
1268 3911 1503 3954 cursum
1542 3891 1842 3952 institutum
1883 3910 1922 3951 a
1963 3890 2178 3956 Numa
2217 3890 2529 3973 Pompilio
2568 3910 2758 3953 annus
2787 3900 2964 3961 esset,

1126 4058 1153 4095 δ
1174 4059 1680 4121 monacas-iet
1687 4058 1980 4123 κάει-εἰει]
2047 4070 2166 4121 qum
2181 4070 2380 4107 summa
2399 4056 2534 4107 mle
2555 4056 2808 4107 haetenus
2823 4056 2962 4123 apud

1062 4124 1273 4175 Marcus
1310 4124 1511 4188 argenti
1554 4126 1768 4177 uocas.
1852 4124 1976 4171 Plu·
2049 4122 2456 4173 Freinshemium
2511 4122 2848 4187 redigebatur
2895 4122 2960 4173 ad

1062 4190 1273 4238 tar'chus
1310 4195 1368 4238 et
1412 4188 1684 4251 Appianas
1729 4188 1871 4237 mille
1917 4194 1976 4237 et
2043 4188 2314 4251 septuagies
2369 4187 2618 4253 quinquie·
2667 4188 2961 4241 mii-a.

1062 4254 1355 4317 quingentis
1390 4254 1605 4303 talentis
1638 4260 1836 4304 emtum
1859 4266 1975 4301 esse
2043 4251 2201 4304 Crev-

1064 4334 1097 4369 ο
1129 4320 1339 4371 Οιιιῐο
1373 4318 1611 4373 Paullum
1650 4325 1973 4371 memorantz
