3300 5234
743 548 919 617 5228

743 719 871 769 Cos.

1712 566 1785 616 Τ.
1832 566 2027 614 mvn

1147 714 1252 771 67.
1297 706 1524 779 Caesar,
1553 728 1897 788 quanquam
1920 706 2203 786 fatigatus
2228 708 2437 789 praelio
2461 708 2631 771 miles
2655 710 2803 769 aestu
2828 730 2980 791 quo-

1067 826 1186 887 que
1237 806 1697 885 aggravabatur,
1748 808 1911 884 (nam
1960 806 2039 865 ad
2092 805 2399 866 meridiem
2450 814 2728 867 extracta
2778 826 2981 888 pugna

1065 906 1246 981 erat,)
1263 912 1460 963 tamen
1485 903 1801 974 monendo,
1824 904 1885 963 ni
1910 912 2109 963 castra
2132 904 2387 964 bostium
2408 913 2845 985 expugnentur,
2866 905 2978 963 im-

1065 998 1392 1081 perfectam
1425 1000 1740 1061 victoriam
1780 1000 2059 1081 relinqui,
2102 1001 2365 1081 perpulit
2396 1010 2465 1061 ut
2498 1002 2711 1061 eodem
2752 1001 2979 1081 impetu

1064 1096 1229 1159 vallo
1271 1096 1524 1157 hostium
1553 1095 1951 1157 succederent.
2036 1094 2206 1157 Nam
2228 1117 2405 1177 super
2428 1098 2839 1157 auctoritatem
2864 1097 2977 1155 im-

1065 1194 1372 1273 peratoris,
1399 1201 1488 1253 -et
1527 1193 1719 1253 elatos
1762 1212 2035 1253 successu
2082 1192 2331 1263 animos,
2384 1192 2591 1273 praeda
2626 1202 2975 1263 castrorum,

1021 1308 1024 1313 ·
1065 1309 1244 1370 quam
1267 1290 1538 1350 sciebant
1561 1288 1984 1369 amplissimam
2012 1288 2162 1360 fore,
2188 1288 2674 1349 incendebantur.
2730 1289 2973 1359 Castra,

771 1586 904 1635 Plut.

738 1650 954 1717 Appian-

740 1781 869 1829 Caes.

737 2948 953 3015 Appian-

733 3014 840 3063 Liv.
865 3014 996 3075 Epit.

758 3079 888 3127 Plan.
905 3078 1035 3130 Caes.

736 3153 786 3191 et
807 3144 948 3191 Brut.

736 3209 850 3257 Dio.
873 3208 1002 3257 vell.

1066 1385 1434 1466 aliquamdiu
1459 1407 1498 1446 a
1516 1385 2059 1463 Thracibus-magis
2081 1404 2265 1465 quam
2290 1406 2331 1445 a
2350 1384 2649 1446 Romanis
2674 1386 2977 1463 (cohortes

1067 1492 1292 1563 septem
1317 1484 1526 1543 castris
1550 1481 1929 1561 castellisque
1968 1479 2243 1561 praesidio
2269 1480 2600 1561 Pompeius
2626 1482 2975 1562 reliquerat)

1068 1580 1330 1652 defensa,
1359 1588 1643 1640 venerunt
1668 1580 1727 1639 in
1752 1588 2109 1659 potestatem
2130 1579 2389 1639 victoris.
2442 1578 2597 1638 Tum
2619 1599 2764 1641 vero
2784 1578 2975 1639 Pom-

1071 1678 1291 1757 peium,
1343 1676 1448 1755 qui
1499 1676 1785 1737 hacteuus
1834 1677 1923 1771 in·
1947 1674 2223 1756 proetorio
2273 1674 2509 1735 sederat
2558 1677 2797 1747 tacitus,
2843 1676 2977 1737 haec

1066 1775 1250 1835 verba
1276 1775 1563 1844 locutum,
1607 1782 1625 1809 ⁴
1660 1772 1935 1833 Etiamne
1970 1774 2031 1833 in
2066 1772 2336 1833 castraT'
2360 1781 2589 1832 mutato
2624 1773 2837 1833 habitu
2880 1772 2975 1833 fu-

1067 1874 1218 1951 gisse
1243 1870 1503 1931 tradunt.
1587 1868 1839 1931 Interim
1866 1879 1929 1930 et
1950 1868 2221 1940 castella,
2258 1868 2615 1931 dedentibus
2636 1871 2743 1951 qui
2767 1880 2973 1931 tenue-

1064 1979 1219 2037 rant,
1249 1988 1286 2028 a
1312 1966 1394 2027 P.
1427 1966 1602 2047 Sylla
1624 1977 1809 2048 capta
1834 1976 1987 2026 sunt.
2072 1964 2275 2025 Caesar
2312 1965 2508 2027 adhuc
2554 1967 2896 2048 impetravit
2935 1989 2976 2028 a

1062 2068 1203 2137 suis,
1231 2074 1299 2125 ut
1322 2064 1533 2125 relicta
1560 2063 1765 2145 praeda
1785 2084 2007 2125 novum
2033 2063 2271 2145 insuper
2296 2062 2562 2125 laborem
2584 2066 2972 2147 susciperent,

1065 2160 1476 2242 expugnandis
1529 2160 1944 2243 Pompeianis,
2012 2161 2115 2241 qui
2166 2180 2203 2221 e
2262 2161 2471 2221 castris
2520 2160 2860 2241 refugerant
2912 2164 2973 2221 in

1065 2260 1400 2339 proximum
1423 2266 1707 2330 montem,
1732 2268 1819 2330 et,
1846 2258 1987 2338 quia
2012 2257 2179 2319 locus
2216 2277 2389 2339 aquae
2414 2269 2545 2318 erat
2582 2260 2773 2339 inops,
2806 2259 2975 2338 jugis

1063 2358 1119 2433 ej
1127 2376 1196 2415 us
1237 2354 1534 2415 Larissam
1578 2375 1776 2415 versus
1816 2376 1878 2415 se
1918 2355 2303 2436 recipiebant.
2389 2354 2471 2417 Id
2494 2376 2733 2437 quoque
2758 2356 2975 2417 eadem

1063 2452 1164 2512 die
1202 2451 1526 2533 perfectum
1571 2462 1683 2523 est,
1727 2472 2070 2534 quanquam
2110 2462 2173 2513 et
2217 2438 2494 2533 passuum
2538 2452 2770 2535 aliquot
2812 2474 2973 2514 eme·-

1062 2550 1267 2641 tienda
1291 2549 1506 2621 millia,
1535 2558 1598 2610 et
1621 2559 1907 2630 praeterea
1934 2549 2249 2611 muniendo
2293 2550 2687 2611 secludendus
2711 2572 2749 2611 a
2774 2559 2975 2611 monte

1064 2646 1209 2719 alio,
1256 2666 1432 2726 quem
1475 2646 1673 2707 hostes
1712 2656 2015 2728 ceperant,
2045 2645 2260 2707 fluvius
2298 2646 2430 2707 fuit.
2514 2647 2715 2708 Tanta
2751 2658 2884 2709 erat
2914 2657 2977 2709 et

1064 2744 1434 2823 imperatoris
1473 2742 1653 2813 illius,
1692 2753 1755 2803 et
1797 2744 2113 2815 exercitus,
2161 2752 2403 2823 tamque
2441 2744 2663 2805 invicta
2702 2746 2883 2805 armis
2913 2754 2975 2805 et

1065 2839 1366 2900 laboribus
1399 2841 1698 2901 alacritas.
2424 2826 2430 2831 ¹

1142 2944 1243 2997 68.
1287 2936 1382 2998 At
1409 2936 1638 3008 Caesar,
1665 2937 1817 2999 sicut
1842 2937 2217 3018 praedixerat,
2262 2940 2324 2999 in
2350 2940 2559 3001 castris
2582 2938 2841 2999 hostium
2866 2960 2971 3001 ex-

1065 3043 1204 3094 acta
1243 3043 1442 3105 nocte,
1489 3035 1682 3114 captis
1728 3033 2060 3114 deditisque
2105 3037 2375 3095 omnibus
2410 3036 2668 3116 ignovit:
2714 3038 2972 3097 maxime

1062 3131 1236 3191 laetus
1264 3130 1357 3190 M.
1389 3130 1580 3190 Bruto
1609 3124 1897 3211 Caepione
1938 3140 2195 3202 servate,
2224 3152 2263 3192 a
2287 3153 2407 3212 quo
2446 3140 2655 3213 postea
2694 3132 2971 3193 interfec-

1063 3237 1158 3289 tus
1181 3239 1288 3287 est.
1373 3226 1440 3287 Is
1465 3247 1504 3288 a
1534 3226 1791 3298 Larissa,
1820 3248 1939 3308 quo
1964 3248 2027 3286 se
2056 3227 2389 3289 contulerat
2426 3249 2505 3289 ex
2536 3228 2705 3307 fuga,
2742 3230 2975 3310 scripsit

1063 3324 1142 3384 ad
1179 3324 1501 3394 Caesarem,
1537 3322 2033 3403 cupidissimeque
2070 3334 2373 3405 susceptus
2396 3334 2505 3385 est.
2590 3323 2717 3385 Sed
2751 3334 2816 3385 et
2852 3326 2971 3387 sin·

957 3474 972 3489 ,
1063 3422 1214 3499 gulis
1241 3421 1562 3480 amicorum
1591 3428 1942 3500 potestatem
1969 3420 2132 3491 fecit,
2160 3420 2332 3481 unius
2359 3440 2537 3502 quem
2564 3421 2819 3501 quisque
2845 3422 2971 3482 vel-

946 3538 961 3553 ·
1065 3518 1148 3577 let
1197 3518 1458 3579 adversae
1515 3518 1697 3598 partis
1742 3516 2035 3577 servandi.
2123 3516 2354 3578 Literas
2398 3518 2476 3579 ad
2525 3517 2891 3599 Pompeium
2936 3537 2973 3578 a

1064 3615 1264 3674 multis
1303 3616 1570 3696 scriptas,
1600 3626 1780 3694 atque
1823 3615 1973 3673 inter
2016 3613 2275 3695 praedam
2308 3624 2590 3697 repertas,
2617 3617 2819 3676 statim
2844 3636 2973 3676 cre·

919 3731 934 3746 ·
1063 3712 1283 3781 mavit;
1333 3733 1406 3771 ne
1448 3712 1599 3773 forte
1648 3711 2024 3791 deprehensis
2067 3711 2437 3790 quorundam
2474 3712 2759 3784 consiliis,
2800 3713 2975 3773 irasci

945 3844 971 3874 e
1065 3810 1326 3891 pluribus
1363 3831 1543 3891 quam
1581 3811 1880 3869 statuisset
1918 3821 2240 3888 cogeretur.
2327 3810 2403 3870 In
2438 3832 2667 3871 summa
2701 3812 2971 3873 modera-

931 3902 946 3919 ⁶
1002 3928 1012 3941 ·
1065 3912 1284 3969 tionem
1313 3920 1373 3969 et
1399 3909 1775 3968 clementiam
1816 3908 1995 3989 plane
2040 3910 2397 3988 singularem
2432 3918 2615 3990 atque
2650 3908 2970 3972 admirabi-

1065 4007 1184 4065 lem
1220 4007 1491 4067 exhibuit
1527 4008 1586 4065 iu
1624 4005 1915 4067 omnibuS.

1142 4112 1244 4163 69.
1291 4103 1452 4162 Haec
1496 4113 1586 4162 est
1627 4102 1843 4161 nobilis
1876 4102 1983 4162 illa
2020 4102 2375 4163 Pharsalica
2410 4124 2633 4183 pugna,
2668 4124 2807 4183 quae
2834 4107 2969 4183 jam

1063 4213 1268 4281 aperte
1307 4201 1637 4259 libertatem
1678 4199 1881 4280 populi
1926 4199 2185 4259 Romani
2218 4202 2445 4261 subruit
2464 4224 2481 4270 ;
2528 4203 2819 4283 uniusque
2844 4222 2968 4261 om-

1064 4320 1166 4357 nes
1216 4299 1469 4375 subjecit
1515 4299 1815 4377 potestati.
1915 4296 2121 4357 Caesar
2168 4297 2325 4358 haud
2368 4298 2631 4387 amplius.
2662 4298 2973 4371 ducentos,
