3300 5234
720 487 902 563 6262

762 1245 945 1295 Lucan.

734 1326 791 1358 x.
806 1316 869 1361 51
877 1316 899 1360 1
909 1343 924 1359 .

732 1376 921 1427 Strabo.

764 1638 948 1687 I'ncan.

737 1718 793 1752 x.
812 1708 929 1754 941.

760 1918 965 1970 Sueten.

738 1984 865 2034 caes.
888 2002 932 2034 c.
956 1989 1040 2035 35.

767 2050 983 2113 Appian-

735 2113 888 2163 Mith.
908 2114 991 2162 fin.

738 2180 860 2229 Dio.

739 2243 953 2307 Appian-

738 2309 885 2359 Dio.-

774 2507 905 2558 Hirt.
930 2508 993 2558 de

739 2573 805 2624 B.
827 2574 974 2625 Alex.

738 2637 785 2685 A
794 2640 958 2703 ppian.

742 2703 872 2754 Hirt.

755 4156 873 4209 Dio.
890 4155 1025 4209 Hirt.

1703 506 1770 556 'l'-
1825 506 2011 557 mvn

1052 658 1203 719 erat,
1230 669 1349 729 quo
1374 652 1513 709 anni
1536 659 1798 733 ternpore
1824 652 2024 711 mitius
2049 652 2232 710 uritur
2251 670 2324 711 ea
2349 650 2530 730 regie,
2559 671 2664 732 per
2689 651 2960 711 aestatem

1053 746 1178 807 sole
1220 746 1461 819 torrida,
1486 758 1553 808 et
1588 746 1810 829 sperari
1850 749 2071 828 pluvia:
2099 756 2392 828 poterant,
2417 747 2621 808 divisis
2661 748 2720 806 in
2761 758 2962 828 partae

1054 843 1259 924 copiiS,
1286 864 1410 923 quo
1448 843 1816 930 commodius
1851 853 2229 924 aquarentur,
2259 843 2810 925 periculosissimum
2847 846 2964 903 iter

1055 942 1345 1019 ingressus
1372 952 1484 1001 est.
1567 940 1710 1022 Ipse
1737 941 1918 1023 pedes
1945 950 2080 1001 ante
2105 942 2272 1020 signa
2294 942 2444 1012 ibat,
2471 941 2693 1001 laboris
2716 940 2962 1021 sitisque

1055 1058 1182 1118 prae
1220 1040 1353 1098 aliis
1389 1040 1635 1120 patienS,
1674 1040 1904 1120 totique
1940 1040 2226 1099 exercitui
2267 1038 2626 1118 exemplum,
2654 1050 2719 1097 et
2751 1036 2962 1098 defici-

1056 1135 1198 1195 endi
1231 1137 1439 1215 pudor.
1525 1136 1649 1196 Per
1683 1156 1928 1196 arenosa
1963 1135 2118 1206 loca,
2147 1137 2210 1195 in
2237 1136 2452 1215 quibus
2489 1133 2838 1215 plerumque
2873 1134 2962 1194 vi·

1057 1249 1227 1290 arum
1249 1240 1419 1291 notas
1443 1232 1848 1293 violentissimi
1873 1231 2052 1292 flatus
2077 1231 2339 1301 abolent,
2367 1251 2519 1309 aegre
2545 1230 2624 1290 ad
2646 1228 2966 1290 Ammonis

1058 1326 1249 1387 aedem
1288 1338 1653 1408 perventum.
1739 1329 1840 1388 Ibi
1875 1328 2106 1390 refectis
2140 1327 2408 1388 nonnihil
2435 1326 2642 1407 copiis,
2668 1326 2962 1406 reliquum

1058 1427 1169 1485 iter
1214 1426 1490 1487 absolvit.
1572 1427 1916 1498 Tricesimo,
1951 1447 2132 1507 quam
2173 1436 2302 1486 erat
2347 1425 2600 1507 Cyrenis
2641 1424 2964 1506 profectus,

1058 1522 1156 1582 die
1198 1524 1652 1602 circumgressus
1692 1534 1784 1584 eet
1824 1524 2065 1605 Syrtin:
2115 1523 2251 1584 inde
2289 1524 2418 1603 pari
2459 1522 2641 1582 ferme
2684 1522 2968 1601 temporis

1059 1620 1257 1696 spatio
1288 1640 1392 1700 per
1427 1619 1682 1681 cultiora
1705 1621 1888 1700 paulo
1914 1620 2048 1681 loca
2073 1620 2282 1699 Leptin
2310 1628 2572 1689 ventum,
2600 1640 2736 1698 quae
2763 1618 2967 1677 Minor

1060 1724 1331 1785 vocatur,
1350 1716 1558 1796 ibique
1576 1716 1802 1797 reliqua
1825 1738 1961 1796 pars
1986 1717 2212 1797 hyemis
2237 1714 2314 1776 ad
2339 1716 2598 1795 quietem
2619 1714 2798 1774 militi
2823 1734 2964 1773 con-

1058 1830 1245 1871 cessa.
2979 1872 2987 1878 ,

1144 1915 1243 1972 87.
1288 1907 1409 1967 Sed
1456 1908 1822 1971 Mithridatis
1849 1910 2008 1971 filius
2049 1910 2420 1979 Pharnacea,
2466 1908 2780 1968 occasione
2815 1916 2967 1967 tem'-

1066 2025 1271 2085 porum
1306 2026 1533 2077 usurus,
1561 2005 2054 2086 Phanagorenses
2085 2005 2188 2065 diu
2229 2014 2622 2086 oppugnatos,
2651 2024 2791 2064 mox
2821 2003 2970 2064 col·

1062 2100 1303 2161 chidem
1334 2122 1567 2162 ornnem
1602 2110 1938 2183 receperat:
1979 2102 2195 2163 deinde
2232 2103 2293 2159 in
2328 2101 2600 2161 Pontum
2631 2120 2969 2172 conversus,

1066 2194 1289 2279 Sinope
1330 2208 1457 2259 erat
1490 2185 1732 2280 potitus.
1815 2198 2048 2280 Atque,
2076 2199 2364 2259 invitante
2398 2217 2694 2267 successu,
2722 2218 2828 2277 per
2861 2198 2970 2256 ab·

1064 2296 1315 2355 sentiam
1355 2294 1631 2374 Dejotari
1673 2298 1846 2375 regiS,
1886 2296 2233 2355 Armeniam
2276 2296 2584 2379 minorem,
2621 2284 2684 2354 et
2724 2293 2972 2374 Cappa—

1066 2390 1300 2451 dociam
1350 2391 1780 2452 Ariobarzanis
1829 2412 2094 2471 regnum,
2145 2400 2381 2475 vastare
2438 2399 2618 2469 atque
2679 2410 2974 2470 occupare

1066 2496 1363 2568 coeperat:
1418 2508 1553 2549 cum
1601 2488 1874 2569 Dejotari
1916 2490 2206 2570 precibus,
2251 2498 2314 2549 et
2359 2488 2778 2547 Amisenorum
2820 2488 2973 2567 peri-

1067 2583 1227 2655 cu10,
1256 2586 1355 2665 qui
1397 2588 1627 2646 interim
1653 2588 1981 2668 oppugnari
2008 2588 2184 2668 coepti
2211 2597 2378 2647 erant
2404 2606 2442 2645 a
2468 2584 2809 2655 Pharnace,
2841 2584 2972 2644 Do-

1066 2682 1269 2742 mitius
1311 2682 1605 2743 Calvinus
1642 2685 1894 2755 excituS,
1931 2684 2313 2744 Pharnacem
2355 2683 2648 2742 abstinere
2684 2682 2973 2741 sociorum

1066 2778 1256 2856 regnis
1289 2781 1489 2857 jussit,
1531 2801 1650 2860 quo
1695 2779 1833 2862 plus
1879 2782 2247 2841 auctoritatis
2293 2778 2670 2839 denuntiatio·
2703 2778 2973 2847 haberet,

1065 2892 1203 2933 cum
1238 2876 1509 2936 omnibus
1547 2879 1734 2958 copiis
1765 2877 2130 2937 subsecutus.
2216 2876 2326 2936 Eae
2361 2875 2718 2935 constabant
2761 2896 2839 2935 ex
2887 2874 2972 2936 le·

1068 2971 1241 3047 gione
1279 2988 1533 3033 xxxvl.
1566 2994 1744 3055 quam
1779 2974 1968 3034 solam
2005 2974 2345 3045 retinuerat,
2383 2972 2616 3033 duabus
2651 2972 2730 3032 ad
2769 2972 2973 3032 Caesa·

1068 3086 1191 3126 rem
1242 3070 1469 3139 missis;
1537 3072 1883 3151 duabusque
1939 3070 2215 3149 Dejotari
2267 3070 2620 3149 legionibus,
2671 3088 2823 3149 quas
2873 3068 2974 3129 ille

1071 3162 1413 3227 Romanum
1458 3168 1517 3227 in
1562 3188 1782 3228 morem
1824 3178 2078 3228 armatas
2117 3168 2527 3247 institutasque
2557 3170 2690 3247 jam
2732 3187 2771 3226 a
2813 3186 2970 3227 com·

1070 3261 1336 3342 pluribus
1361 3265 1527 3323 annis
1550 3266 1829 3326 habebat.
1916 3265 2041 3325 His
2067 3266 2312 3325 accessit
2336 3284 2415 3324 ex
2443 3263 2840 3325 tumultuariis
2865 3266 2972 3324 mi-

1072 3355 1281 3430 litibus
1312 3360 1373 3419 in
1409 3360 1614 3423 Ponto
1655 3361 1928 3423 confecta
1963 3362 2139 3440 legio,
2167 3382 2300 3421 cum
2339 3360 2580 3421 auxiliis
2605 3360 2888 3434 Cilicum,
2915 3372 2973 3421 et

1070 3463 1309 3514 eentum
1340 3455 1637 3535 DeJotari,
1665 3458 1917 3518 totidem
1941 3458 2368 3517 Ariobarzanis
2391 3457 2708 3536 equitibus.

1068 3592 1077 3602 ·
1154 3552 1255 3611 88.
1299 3550 1649 3613 Pharnaces
1674 3553 1933 3614 adventu
1958 3553 2214 3614 Domitii
2235 3552 2532 3634 paulisper
2547 3554 2805 3623 territus,
2825 3552 2974 3613 frau-

1070 3646 1545 3730 desaemoramque
1570 3660 1828 3722 nectere,
1857 3649 2306 3731 Cappadociam
2333 3650 2562 3729 longius
2592 3650 2865 3710 dissitam
2887 3650 2975 3710 di-

1074 3746 1330 3817 mittere,
1366 3767 1483 3806 non
1522 3747 1819 3808 dimittere
1857 3746 2241 3808 Armeniam:
2290 3746 2545 3828 denique
2580 3747 2876 3828 postulare
2909 3757 2977 3808 ut

1076 3840 1303 3902 Caesari
1340 3842 1692 3924 res'integra
1725 3854 2006 3904 servetur.
2092 3842 2188 3903 At
2216 3843 2517 3904 Domitius
2541 3844 2846 3923 indignum
2874 3866 2973 3905 no-

1076 3936 1233 3999 nime
1272 3939 1527 3999 Caesaris
1564 3950 1625 3999 et
1663 3941 1868 4022 populi
1901 3940 2167 4000 Romani
2203 3950 2414 4020 putans
2453 3940 2837 4000 intermittere
2871 3961 2972 4001 ex·

1078 4034 1463 4114 peditionem,
1489 4046 1551 4097 et
1587 4038 1934 4120 Bosporano
1969 4038 2296 4117 relinquere
2332 4034 2614 4117 praedam,
2648 4035 2972 4119 Nicopolin

1080 4134 1381 4213 processit,
1409 4134 1712 4193 Armeniae
1737 4134 1974 4194 minoris
1998 4133 2300 4214 oppidum.

1160 4236 1261 4289 89.
1306 4230 1407 4289 Ibi
1430 4251 1569 4292 curn
1594 4240 1788 4291 castra
1813 4232 2008 4290 vicina
2031 4230 2298 4291 hostibus
2321 4230 2586 4300 haberet,
2614 4226 2841 4289 factum
2863 4238 2971 4302 est,

1082 4334 1252 4385 ntex
1279 4326 1463 4386 literis
1488 4327 1824 4408 interceptis
1849 4325 2146 4387 Caesarem
2173 4326 2233 4386 in
2257 4342 2472 4405 magno
2494 4344 2622 4386 esse
2645 4324 2972 4387 discrimine
