3300 5234
832 566 1037 616 unm
1087 564 1307 616 cvm.
1352 566 2006 647 suprnnmnuruu.
2347 544 2534 615 5125

284 710 609 773 Germanis
650 710 937 792 imparem
987 708 1175 781 videt,
1214 708 1389 770 simul
1432 708 1716 769 frumenti
1757 709 1962 790 paucis
1999 704 2211 768 diebus
2238 715 2539 771 Vellaun-

284 809 547 889 inopiam
592 808 840 878 veritus,
884 807 1225 887 priusquam
1265 826 1305 867 a
1349 804 1591 865 Caesare
1638 805 2209 876 circumvallaretur,
2235 782 2367 835 0⁰⁸·

282 906 517 985 equites
554 924 761 965 omnes
794 925 835 965 a
872 924 935 963 se
976 903 1259 963 dimittit:
1304 902 1606 973 mandato,
1644 912 1713 963 ut
1751 922 1918 963 susm
1963 903 2212 983 quisque

282 1002 596 1061 civitatem
646 1000 965 1070 excitaret,
1018 1008 1083 1061 et
1132 1018 1335 1059 omnes
1386 999 1491 1078 qui
1542 998 1694 1059 ferre
1751 1019 1915 1059 arma
1973 1006 2215 1080 possent

286 1106 505 1177 praesto
552 1117 681 1157 esse
716 1104 973 1175 cogeret.
1079 1094 1223 1175 Ipse
1262 1114 1401 1155 cum
1443 1094 1696 1156 delectis
1733 1096 2040 1175 octoginta
2078 1093 2213 1155 mil-

284 1193 445 1254 libus
496 1192 580 1253 ad
630 1194 836 1253 urbem
885 1189 1323 1251 defendendam
1372 1192 1680 1253 substitit:
1735 1199 1818 1263 et,
1865 1212 1986 1271 quo
2028 1201 2216 1255 tantae

288 1288 659 1349 multitudini
720 1286 949 1348 diutius
1010 1286 1299 1349 alimenta
1360 1296 1764 1369 suppeterent,
1829 1287 2214 1363 Mandubios,

290 1387 390 1467 qni
438 1384 673 1467 oppido
716 1405 823 1445 suo
867 1404 969 1445 eos
1006 1393 1373 1465 receperant,
1415 1406 1553 1445 cum
1597 1384 1798 1445 liberis
1831 1394 1894 1445 et
1933 1388 2218 1447 uxoribus

292 1484 459 1543 exire
498 1482 717 1561 coegit.
802 1480 929 1541 Sed
964 1480 1099 1541 illos
1142 1480 1373 1554 caesar,
1406 1502 1543 1542 cum
1581 1481 1806 1544 ultimis
1844 1485 2116 1563 precibus
2155 1485 2216 1545 in

290 1581 643 1640 servitutem
682 1578 869 1658 recipi
906 1586 1161 1649 orarent,
1196 1598 1312 1638 non
1354 1578 1633 1640 admisit:
1687 1580 1775 1640 ita
1813 1581 1970 1640 inter
2007 1582 2216 1642 urbem

294 1696 365 1737 ac
426 1684 631 1737 castra
693 1672 957 1738 conclusi
1007 1673 1413 1755 derelictique,
1464 1675 1786 1737 miserabili
1834 1686 2020 1737 morte
2073 1698 2214 1739 eon·
2241 1682 2360 1733 Dio·

290 1772 475 1845 sumti
516 1779 674 1831 sunt.

372 1876 441 1929 6.
487 1867 732 1928 Interea
770 1866 967 1940 Galli,
1014 1868 1219 1929 audito
1262 1888 1383 1949 quo
1426 1868 1589 1950 apud
1634 1870 1910 1932 Alesiam
1950 1869 2088 1932 loco
2124 1890 2218 1932 res
2240 1878 2374 1929 Con.

294 1974 477 2035 esset,
513 1984 632 2025 non
678 1964 765 2023 uti
799 1963 1297 2044 Vercingentorix
1332 1975 1666 2038 censuerat,
1703 1987 1904 2027 omnes
1943 1970 2217 2048 puberes,

294 2062 401 2123 sed
446 2070 677 2121 certum
718 2082 751 2121 e
786 2061 1129 2122 civitatibus
1168 2082 1473 2123 numerum
1508 2064 1900 2125 contrahunt:
1951 2064 2219 2145 equitum

294 2159 540 2220 circiter
564 2166 699 2220 octo
726 2156 941 2231 millia,
971 2158 1235 2240 peditum
1259 2158 1522 2220 ducenta
1546 2158 1960 2240 quadraginta.
2033 2160 2220 2222 Post-

296 2276 489 2337 quam
531 2256 631 2315 hic
668 2254 753 2315 ad
800 2254 1080 2317 Alesiam
1123 2257 1421 2317 exercitus
1465 2257 1649 2329 venit,
1695 2278 1920 2319 rursum
1963 2258 2224 2338 equestri

298 2352 516 2433 praelio
552 2359 843 2412 certatum
876 2336 1001 2413 eeu
1069 2351 1293 2432 Neque
1328 2360 1457 2413 tum
1487 2354 1672 2414 etism
1706 2352 2020 2415 Germanis
2055 2355 2226 2415 resis-
2259 2340 2262 2343 ’

298 2458 425 2509 tere
472 2446 649 2509 Galli
688 2455 1025 2529 potuerunt.
1129 2447 1325 2527 Igitur
1370 2469 1553 2530 prope
1598 2449 2072 2531 desperationem
2115 2450 2228 2511 ad·

299 2545 475 2607 ducti
517 2545 715 2605 hostes
750 2546 1119 2625 eruptionem
1151 2554 1383 2607 tentare
1422 2554 1790 2617 statuerunt:
1833 2546 1972 2607 dum
2015 2546 2228 2609 eodem
2305 2558 2320 2565 “

301 2653 577 2725 tempore
620 2641 975 2703 munitiones
1014 2642 1423 2705 Romanorum
1464 2664 1503 2705 a
1538 2646 1750 2705 ceteris
1791 2654 2227 2726 oppugnantur.

306 2738 433 2800 Sed
482 2758 561 2799 ea
603 2737 721 2799 fuit
765 2736 1025 2799 caesaris
1067 2739 1146 2800 ad
1191 2741 1392 2802 omnia
1432 2742 1666 2802 consilii
1702 2741 1996 2813 celeritas,
2035 2760 2228 2823 eaque

309 2839 545 2921 peritia,
578 2844 650 2896 ut
686 2835 985 2916 quoslibet
1019 2837 1279 2898 hostium
1316 2849 1567 2899 conatus
1600 2836 1862 2899 efficeret
1895 2839 2110 2900 irritos.

386 2942 455 2999 7.
502 2932 685 3003 cum,
714 2931 1024 2993 interfecto
1040 2934 1307 3005 maximo
1334 2931 1652 2993 Gallorum
1677 2954 1946 3007 numero,
1971 2936 2231 3017 reliquos
2281 2944 2506 3013 Polym.

309 3054 345 3093 e
388 3038 719 3112 conspectu
760 3028 1101 3089 abstulisset
1124 3028 1301 3109 fuga:
1348 3040 1678 3103 convocato
1709 3052 1948 3093 suorum
1973 3034 2228 3096 concilio
2251 3012 2397 3128 {2³⁸
2419 3024 2544 3062 *¹¹¹⁰

312 3125 845 3206 Vercingentorix,
889 3134 908 3159 ‘
932 3125 1135 3185 omnia
1168 3145 1233 3185 se
1258 3125 1418 3185 bona
1442 3125 1561 3187 fide
1586 3126 1823 3189 fecisse’
1865 3129 2229 3192 demonstra-

310 3226 443 3297 bat,
490 3232 509 3261 ‘
534 3243 657 3303 quo
698 3220 945 3302 publica
980 3220 1227 3281 libertas
1256 3231 1417 3283 sarta
1451 3232 1612 3284 tecta
1636 3224 1811 3287 foret.
1895 3224 2040 3297 Sed,
2081 3246 2230 3307 quo·

314 3325 478 3384 niam
522 3320 589 3382 vi
628 3320 963 3389 vincentur,
1005 3318 1217 3379 offerre
1256 3338 1321 3379 se
1356 3340 1569 3401 corpus
1590 3341 1762 3381 suum
1785 3322 1864 3383 ad
1891 3322 2233 3385 utramlibet

316 3419 747 3487 conditionem,
770 3415 895 3475 sive
920 3424 1109 3476 morte
1132 3436 1241 3476 sus
1266 3415 1609 3489 satisfacere
1632 3416 1949 3491 Romanis,
1975 3420 2098 3481 sive
2125 3419 2232 3482 de-

316 3519 459 3579 dere
483 3517 691 3577 vivum
716 3512 971 3573 malint!
1042 3512 1213 3573 Cum
1238 3512 1463 3575 deditio
1485 3513 1830 3595 placuisset,
1869 3517 2074 3577 sumtis
2099 3538 2232 3598 spe·-

318 3612 661 3679 ciosissimis
687 3611 867 3671 armis
887 3610 1229 3691 eximioque
1253 3631 1432 3691 equo,
1460 3612 1625 3673 venit
1644 3612 1704 3671 in
1729 3628 1930 3673 castra
1957 3612 2233 3688 Caesaris,
2257 3616 2560 3671 Flaminio.

318 3713 751 3789 sedentemque
794 3706 1244 3781 circumvectus,
1290 3706 1515 3769 dimisit
1548 3728 1810 3790 equum:
1860 3709 2232 3790 phalerisque

321 3820 387 3873 et
411 3808 593 3871 armis
628 3812 767 3866 ante
792 3804 1033 3865 victoris
1056 3823 1249 3883 genua
1271 3806 1573 3885 projectis,
1598 3804 1812 3866 eodem
1837 3813 1901 3865 et
1925 3804 2050 3886 ipse
2077 3807 2238 3866 acci·

322 3908 437 3979 dit,
464 3903 638 3967 nulla
662 3920 810 3963 voce
836 3900 1021 3973 edita,
1046 3900 1153 3961 sed
1180 3909 1347 3981 gestu
1366 3901 1644 3984 supplex.
1725 3902 1950 3975 Coesar,
1976 3922 2235 3963 comme-

322 4012 587 4075 morato,
631 3998 869 4081 quantis
904 3998 1025 4059 suis
1047 3996 1355 4059 benefieiis
1385 4018 1565 4078 qusm
1588 3998 1811 4061 malam
1847 3999 1948 4059 ille
1983 4000 2237 4079 gratiam
2367 4035 2374 4045 ·

324 4100 653 4169 retuliaeeu
680 4097 740 4155 in
768 4094 1007 4155 vincula
1030 4094 1251 4173 conjici
1263 4095 1469 4174 jussit,
1494 4096 1906 4177 triumphoque
1929 4097 2169 4158 servari.
2505 4176 2514 4184 ι

412 4205 477 4259 Β.
520 4193 819 4255 Omnibus
844 4190 1057 4251 deinde
1084 4191 1447 4263 civitatibus,
1474 4194 1742 4275 exceptis
1769 4192 2134 4265 Bellovacis,
2159 4192 2235 4255 de
2261 4204 2393 4257 cm.

330 4314 487 4376 pace
514 4288 887 4351 mittentibus
917 4286 1167 4367 legatos,
1208 4308 1302 4347 res
1336 4308 1413 4349 ex
1440 4308 1547 4349 suo
1572 4310 1679 4349 usu
1703 4292 2068 4371 composuit:
2113 4289 2236 4350 Ar·
2261 4273 2372 4321 ἰὴ·
2389 4269 2523 4338 BPi‘·

330 4392 649 4471 Vernifl‘lue
681 4393 748 4447 θ*
782 4384 1015 4459 AEduissae
1052 4394 1123 4445 ut
1162 4386 1596 4469 potentissimas
1629 4388 1904 4450 civitates
1941 4388 2240 4472 praecipuq
2261 4336 2388 4388 ειη
