3300 5234
632 1139 737 1190 ur.
763 1137 899 1205 Epir.

1581 493 1650 544 Τ.
1698 491 1897 542 mvn

951 633 1192 715 quidem
1219 633 1594 716 accipiendos
1621 633 1939 698 Decimum
1960 635 2229 696 evocavi.
2274 633 2399 696 Sed
2423 637 2569 715 quia
2592 633 2851 698 nondum

953 731 1056 796 ille
1098 732 1281 804 veuit,
1321 731 1628 813 Torquato
1662 734 1943 814 quoestori
1986 732 2333 794 tmdenturss
2395 731 2563 793 Haec
2598 731 2757 794 fatus
2794 739 2857 790 et

953 849 1096 891 mox
1121 838 1432 901 executus,
1460 830 1721 890 animam
1744 828 1987 890 efflavit.

1033 933 1136 988 26.
1179 926 1275 987 At
1295 925 1635 1008 Torquatus
1668 927 1747 988 de
1780 929 2087 988 voluntate
2108 934 2340 1008 patrum
2370 927 2576 1007 copias
2602 925 2857 988 Decimo

953 1022 1228 1084 adduxit.
1265 1015 1270 1026 ³
1329 1023 1570 1085 Funera
1591 1025 1901 1086 consulum
1938 1045 2075 1086 cum
2116 1022 2443 1084 honorifica
2477 1044 2696 1105 pompa
2720 1022 2858 1083 (3ae-

953 1139 1054 1180 sar
1078 1119 1343 1181 Romam
1382 1122 1743 1182 transmisit:
1788 1121 1948 1230 iique
1984 1121 2045 1181 in
2084 1119 2319 1201 Campo
2354 1119 2584 1180 Martio
2621 1119 2863 1200 publica

953 1216 1258 1296 sepultura
1299 1217 1576 1279 honorati
1617 1227 1778 1289 sunt,
1818 1217 1964 1298 quia
2010 1237 2118 1298 pro
2168 1217 2477 1297 republica
2511 1216 2865 1277 dimicantes

631 1317 764 1367 vell.
780 1333 840 1369 11.
852 1322 935 1370 62.
955 1312 1315 1387 ceciderant.
1402 1312 1594 1393 Cujus
1613 1314 1697 1374 rei
1726 1333 1931 1374 sensus
1955 1315 2139 1375 etiam
2166 1314 2533 1392 abjectorum
2558 1313 2863 1374 hominum

664 1384 778 1434 Val.
798 1383 934 1434 Max.

634 1453 777 1499 v···2

957 1409 1183 1472 animos
1213 1410 1300 1470 ita
1335 1419 1699 1492 pertentasse
1746 1410 2021 1482 traditur,
2062 1418 2149 1480 ιιι,
2190 1409 2285 1468 Μ.
2319 1409 2589 1471 Cornuto
2616 1419 2863 1490 praetore

955 1506 1184 1566 urbano
1227 1506 1405 1566 funus
1450 1506 1711 1578 locante,
1759 1507 1865 1587 qui
1910 1515 2054 1568 tunc
2110 1505 2431 1566 Libitinam
2479 1505 2863 1578 exercebant,

957 1603 1274 1682 gratuitum
1317 1604 1704 1666 ministerium
1748 1605 2129 1686 praebuerint,
2184 1611 2575 1684 paratumque
2617 1605 2869 1684 exequi.

666 1711 776 1762 cie.
805 1711 938 1761 Phil.
959 1721 1124 1761 arum
1150 1699 1546 1761 conduxerint
1573 1701 1849 1762 sestertio
1874 1721 2134 1761 nummo.
2220 1699 2491 1761 Militum
2518 1701 2701 1760 etiam
2736 1721 2865 1762 cor-

635 1792 744 1826 xrv.
762 1781 844 1829 12.
864 1785 917 1824 et

635 1846 714 1893 1⁴.

663 2107 865 2156 Sueton-

635 2169 767 2235 Aug.
791 2174 875 2222 11.

633 2235 750 2292 Dio.
769 2249 920 2284 nvi·

666 2299 784 2349 Tac.
813 2317 853 2349 ι.

637 2363 773 2414 Ann'.
788 2369 870 2414 1⁰.

633 2430 832 2479 Sueton.

668 2493 779 2544 cic.
799 2494 861 2544 ad

635 2557 775 2608 Brut.
791 2574 830 2609 1.
847 2562 900 2610 6.

574 3356 754 3409 ·Di0.

961 1816 1128 1877 pora,
1157 1797 1479 1878 praesertim
1521 1798 1625 1877 qui
1659 1817 1739 1857 ex
1783 1797 2013 1858 Martia
2047 1797 2281 1878 legione
2320 1794 2683 1868 ceciderant,
2718 1799 2865 1878 pub-

961 1893 1094 1956 licis
1131 1895 1412 1975 operibus
1447 1904 1628 1975 atque
1662 1895 2026 1968 muneribus,
2052 1903 2115 1955 et
2136 1895 2441 1956 communi
2466 1897 2867 1956 exau-notione

961 1974 1180 2071 sepulti
1205 1999 1364 2051 sunt.

1039 2091 1144 2152 27.
1185 2087 1313 2148 Per
1345 2108 1448 2148 eos
1484 2086 1615 2148 dies
1652 2086 1731 2149 de
1768 2095 1959 2150 morte
1994 2041 2303 2157 consulum
2340 2087 2599 2168 suspicio
2634 2107 2869 2168 percre-

961 2181 1114 2253 buit,
1159 2203 1344 2265 opera
1391 2182 1649 2245 Caesaris
1692 2185 1941 2256 occisos,
1986 2183 2263 2244 Hirtium
2306 2183 2367 2244 in
2413 2181 2543 2244 acie
2586 2204 2693 2265 per
2736 2203 2872 2248 ειιοο

960 2280 1200 2353 milites,
1229 2289 1336 2343 aut
1371 2283 1550 2362 ipsius
1584 2281 1843 2343 Caesaris
1879 2301 2089 2350 manu3
2135 2281 2406 2342 Pansam
2441 2300 2547 2361 per
2580 2301 2871 2342 venenum

960 2378 1189 2440 vulneri
1229 2377 1502 2440 affusum.
1586 2378 1770 2440 Certe
1812 2378 2150 2460 Torquatus
2192 2377 2533 2459 Glyconem
2576 2377 2872 2440 medicum

959 2494 1064 2538 eo.
1079 2477 1316 2538 nomine
1358 2477 1812 2538 custodiendum
1859 2475 2229 2556 aliquamdiu
2274 2476 2529 2548 curavit,
2578 2484 2645 2536 ut
2687 2477 2871 2557 parri-

957 2571 1180 2634 cidam.
1274 2572 1400 2635 Sed
1450 2573 1546 2634 Μ.
1589 2574 1838 2645 Brutus,
1882 2569 2055 2653 cujus*
2098 2574 2177 2635 ad
2223 2573 2583 2635 Ciceronem
2620 2574 2875 2656 epistola

957 2679 1148 2744 extat,
1175 2671 1234 2730 in
1273 2669 1497 2754 tuenda
1529 2670 1750 2734 medici
1785 2671 2127 2733 innocentia
2161 2672 2343 2730 etiem
2371 2669 2629 2750 Caesaris
2652 2663 2873 2732 famam

958 2763 1261 2846 fidemque
1289 2748 1555 2827 asseruit.
1637 2767 1821 2828 Certe
1848 2767 2188 2828 ambitiosos
2213 2768 2343 2828 haec
2366 2767 2624 2848 suspicio
2648 2785 2876 2849 semper

959 2862 1248 2942 sequitur,
1269 2872 1338 2923 ιιι
1363 2863 1592 2942 nullum
1619 2865 1698 2925 sit
1716 2873 1841 2924 tam
1860 2865 2085 2944 insigne
2106 2873 2285 2944 atque
2304 2863 2641 2924 execrabile
2660 2863 2875 2935 scelus,

961 2956 1124 3037 quod
1151 2979 1258 3039 pro
1283 2960 1687 3021 dominatione
1712 2960 1931 3022 facturi
1954 2981 2071 3020 non
2096 2957 2523 3022 existimentur.
2591 2959 2876 3040 Ceterum

963 3052 1141 3134 longe
1166 3056 1341 3117 abest
1365 3075 1402 3116 a
1429 3057 1747 3138 prudentia
1766 3057 2111 3128 Octaviani,
2134 3066 2202 3117 ut
2224 3076 2347 3117 rem
2370 3057 2609 3118 minime
2636 3055 2877 3117 facilem

963 3150 1111 3229 tegi,
1141 3160 1228 3224 et,
1263 3153 1314 3213 si
1353 3163 1708 3234 erumperet,
1734 3153 1993 3214 omnium
2032 3154 2422 3214 alienaturam
2455 3153 2704 3224 animos,
2730 3151 2875 3213 ado·-

966 3245 1194 3309 lescens
1219 3248 1472 3310 necdum
1489 3251 1636 3312 satis
1660 3249 1862 3310 firmus
1884 3251 2147 3313 auderet.
2458 3260 2465 3266 ’

1047 3351 1152 3408 28.
1193 3347 1292 3408 Αι
1331 3358 1591 3421 senatus,
1627 3349 1823 3410 donec
1856 3351 2113 3410 incertus
2144 3349 2293 3410 belli
2324 3351 2525 3411 exitus
2562 3359 2737 3422 oeset,
2772 3349 2877 3410 ad-

966 3461 1172 3504 versus
1195 3445 1480 3506 victorem
1505 3447 1618 3507 sibi
1647 3446 2079 3528 providendum
2102 3457 2388 3520 ειιιιιιιιιιε,
2414 3447 2881 3526 extraordinaria

965 3537 1218 3621 imperia
1260 3543 1537 3615 tollebat,
1569 3543 1835 3615 decreto,
1864 3553 1881 3580 ‘
1905 3565 1981 3606 ne
2024 3546 2156 3625 quis
2188 3544 2431 3624 longius
2458 3565 2655 3606 annuo
2694 3545 2878 3626 impe—

967 3636 1123 3700 rium
1145 3641 1460 3712 obtineret,
1481 3661 1594 3700 neu
1615 3643 1753 3722 quis
1770 3662 1921 3702 unus
1936 3643 2303 3702 curationem
2324 3643 2613 3702 annonae)
2665 3642 2877 3708 Quan-

967 3744 1098 3798 tum
1129 3738 1288 3798 enim
1323 3736 1400 3796 ad
1439 3737 1784 3798 solvendam
1818 3739 2241 3820 rempublicam
2268 3735 2565 3800 diuturnae
2590 3747 2653 3798 et
2674 3738 2881 3800 solita-

967 3834 1074 3893 riae
1111 3841 1432 3914 potestates
1461 3834 1753 3905 valerent,
1778 3835 1985 3895 multis
2006 3835 2297 3915 exemplis
2322 3845 2695 3917 apparuerat.
2776 3833 2883 3918 Ita

970 3930 1278 4010 praeveniri
1315 3951 1486 4010 posse
1522 3931 1811 4011 putabant
1846 3951 1981 3991 eum
2021 3933 2127 4012 qui
2152 3931 2383 3992 futurus
2410 3940 2565 3992 esset
2598 3931 2879 4012 superior,

969 4045 1044 4085 ne
1086 4025 1232 4107 quid
1273 4036 1488 4109 praeter
1529 4028 1707 4088 solita
1746 4037 1810 4089 et
1842 4049 2125 4090 concessa
2160 4029 2391 4110 legibus
2427 4037 2735 4113 appeteret
2750 4048 2769 4096 ς
2821 4037 2885 4088 et

971 4264 1178 4320 patrum
1204 4257 1317 4321 jam
1343 4256 1674 4320 adversar-iu
1708 4259 1889 4324 idque,
1957 4259 2251 4323 collegeris,
2285 4267 2345 4311 ιιι
2376 4259 2507 4310 satis
2550 4265 2668 4312 tuto
2712 4259 2878 4324 poni·

973 4327 1098 4399 ante
1112 4328 1340 4387 tempus,
1357 4332 1638 4390 antequam
1652 4339 1739 4378 eas
1756 4325 1891 4376 vires
1959 4333 2137 4392 patres
2158 4323 2443 4377 offendere.
2478 4326 2621 4377 creo.
