3300 5234
845 585 1060 636 niam
1106 585 1321 635 cxvi.
1364 583 2008 637 surrnuusnruu.
2341 567 2518 638 63³9

374 717 492 790 10.'
523 715 661 790 Nec
686 729 743 789 ei
767 747 1045 789 numerus
1076 737 1307 789 tantum
1340 728 1549 789 horum
1590 735 1770 810 atque
1795 728 2029 791 novitas
2051 746 2193 788 cou-
2219 737 2331 790 Liv.
2356 739 2493 805 Epic.

288 826 443 886 civit
483 825 791 898 invidiam,
836 825 939 886 sed
992 825 1182 904 magis
1229 825 1408 885 etiam
1466 825 1648 906 ipsius
1691 825 1988 906 superbia,
2032 823 2194 904 quod
2250 838 2452 886 Sueten.

290 943 433 983 cum
471 925 565 984 his
596 923 852 984 decretis
889 923 1223 983 venientem
1264 921 1343 982 ad
1376 941 1440 982 se
1474 943 1585 1003 pro
1622 922 1753 982 aede
1788 921 2044 983 Veneris
2069 919 2195 981 Ge·
2219 901 2503 1023 ssssffssffiv·

290 1020 525 1082 niti-icis
572 1021 907 1081 universum
962 1027 1255 1091 senatum,
1302 1017 1647 1080 consulibus
1698 1019 2194 1099 praecedentibus,
2219 1033 2353 1081 Plut.
2367 1031 2498 1081 Caes.

288 1117 507 1178 sedens
539 1117 803 1198 excepit,
838 1115 1057 1178 dextra
1094 1124 1325 1176 tantum
1358 1123 1628 1196 porrecta
1668 1116 1934 1194 singulis.
2019 1115 2196 1176 Nihil
2219 1097 2435 1210 ssppian.

292 1221 517 1274 temere
554 1221 661 1274 aut
697 1221 1015 1294 acceptum
1050 1213 1341 1284 acerbius,
1382 1220 1487 1272 aut
1526 1211 1794 1292 pluribus
1829 1213 2198 1291 exagitatum
2263 1171 2424 1227 utrop.

288 1310 665 1370 sermonibus
687 1310 819 1370 suit.
904 1309 1171 1376 Quidam
1196 1329 1495 1387 assurgere
1520 1317 1832 1369 conantem
1856 1329 1896 1368 a
1923 1308 2198 1370 Cornelio
2221 1323 2354 1374 Plut.
2375 1333 2426 1374 ot

292 1406 501 1468 Balbo
524 1415 817 1467 retentum
842 1414 1173 1478 autumant,
1199 1424 1513 1466 memorem
1548 1426 1674 1466 esse
1703 1407 1958 1486 jubente
1983 1407 2198 1484 majes-
2221 1391 2424 1440 sueton.

290 1499 441 1564 tatis
475 1523 621 1564 suae.
704 1503 839 1562 Alii
878 1511 1159 1564 conatum
1202 1511 1441 1582 negant,
1484 1502 1591 1563 sed
1633 1511 1698 1563 et
1741 1503 1818 1563 C.
1853 1501 2198 1563 Trebatium

293 1603 615 1666 admonere
643 1623 847 1664 ausum
873 1602 1029 1662 limis
1062 1605 1415 1684 aspectasse.
1500 1602 1885 1683 Quapropter
1909 1621 2199 1662 excusan-
2226 1619 2342 1670 Dio,

294 1701 459 1761 tibus
480 1700 651 1762 illum
686 1709 913 1781 postea,
950 1699 1241 1781 profluvio
1279 1699 1499 1760 ventris
1525 1699 1892 1761 laborantem
1912 1699 2201 1768 timuisse,

296 1819 375 1858 ne
396 1798 543 1878 quid
568 1817 875 1877 assurgens
898 1798 1145 1878 turpiter
1183 1797 1429 1869 faceret,
1458 1816 1575 1857 non
1602 1805 1696 1856 est
1718 1796 2026 1866 creditum,
2053 1816 2201 1877 prae-

292 1895 497 1957 sertim
542 1896 687 1976 quia
730 1892 947 1954 deinde
968 1892 1264 1974 'pedibus
1288 1887 1531 1954 domu'm
1574 1893 1851 1954 redierat.
1934 1891 2040 1962 Et,
2083 1912 2204 1972 quo

299 1991 513 2070 aegrius
534 1991 803 2050 homines
824 1987 1053 2050 factum
1078 1991 1209 2069 ejus
1232 1998 1596 2070 paterentur,
1624 2009 1806 2070 quam
1833 1990 1957 2070 ipse
1976 1988 2206 2049 tulisset

298 2088 503 2169 iniquo
530 2087 751 2158 animo,
780 2084 1259 2157 recordabantur,
1286 2085 1447 2165 quod
1466 2087 1875 2167 triumphanti,
1903 2105 2040 2146 cum
2063 2081 2202 2144 sub-
2228 2103 2426 2152 Sueten.

296 2184 472 2246 sellia
494 2177 838 2244 tribunitia²
866 2183 1411 2263 praeterveheretur,
1437 2203 1476 2242 a
1498 2184 1735 2243 tribuno
1761 2181 1955 2262 plebis
1978 2181 2206 2243 Pontio

300 2280 542 2362 Aquila
566 2286 952 2340 assurrectum
976 2299 1093 2341 nou
1121 2279 1333 2340 fuerat.
1416 2278 1589 2340 Nam
1612 2289 1678 2340 et
1709 2279 1914 2339 statim
1952 2299 2074 2360 proe
2115 2281 2205 2339 in·

297 2377 647 2458 dig-natione
670 2377 1064 2448 exclamarat,
1102 2386 1120 2413 ‘
1143 2375 1380 2458 Repete
1406 2377 1586 2456 igitur
1612 2396 1649 2436 a
1675 2396 1768 2437 me
1794 2375 2032 2455 Aquila
2055 2396 2206 2436 rem-

300 2475 605 2555 publicam
647 2476 917 2535 tribunus
944 2475 982 2534 :’
1023 2483 1085 2534 et
1124 2495 1231 2555 per
1272 2475 1581 2535 continuos
1618 2472 1850 2553 aliquot
1887 2471 2020 2532 dies
2057 2473 2226 2533 nihil·

300 2573 571 2652 promisit
606 2574 905 2652 cuiquam,
941 2581 1011 2632 ut
1050 2592 1165 2632 non
1197 2571 1503 2651 adjiceret,
1546 2580 1565 2606 ‘
1594 2571 1643 2630 si
1670 2579 1868 2630 tamen
1903 2589 2010 2652 per
2034 2570 2206 2634 Pon-

300 2668 451 2729 tium
486 2669 795 2748 Aquilam,
814 2669 1089 2730 licuerit.’
2503 2739 2516 2756 ι

268 2805 281 2812 -
381 2772 485 2825 11.
530 2765 629 2826 Ex
656 2766 973 2826 honoribus
993 2785 1169 2846 porro
1192 2763 1463 2836 decretis,
1484 2774 1698 2846 praeter
1719 2762 2042 2824 decennem
2063 2783 2206 2823 con·
2233 2767 2448 2832 Appian-

296 2861 583 2932 sulatum,
610 2863 849 2922 admisit
874 2863 1158 2944 reliquos,
1186 2871 1247 2922 et
1272 2861 1625 2942 quibusdam
1650 2862 1851 2922 statim
1891 2861 2072 2942 coepit
2099 2861 2208 2920 uti.
2264 2866 2465 2914 Sueten.

302 2957 813 3038 magistratusque
858 2958 937 3020 ad
980 2959 1289 3020 libidinem
1336 2969 1401 3020 et
1436 2979 1652 3040 capere
1697 2967 1760 3020 et
1799 2959 1942 3019 dare
1983 2957 2210 3028 solitus,
2234 2931 2468 3046 ⁰35⁷ss

300 3055 495 3135 pridie
540 3055 853 3116 Kalendas
886 3056 1223 3129 Januarias,
1266 3076 1402 3117 cum
1442 3055 1587 3116 hora
1629 3055 1916 3126 secunda,
1955 3054 2214 3114 comitiis
2235 3061 2371 3110 Fam.
2394 3076 2490 3110 vn.

303 3153 637 3231 quaestoriis
682 3152 986 3224 institutis,
1038 3153 1187 3214 sella
1239 3153 1323 3221 Q.
1380 3152 1641 3212 Maximi
1691 3151 1949 3213 consulis
1999 3153 2210 3233 posita,
2239 3129 2324 3176 ⁸⁰·

302 3246 519 3309 deinde
546 3258 779 3309 mortuo
816 3269 891 3309 eo
929 3251 1221 3321 nuntiato,
1258 3250 1363 3329 qui
1399 3249 1575 3308 nullis
1614 3248 1986 3310 evidentibus
2016 3249 2214 3340 causis

300 3344 558 3418 obierat,
601 3346 842 3406 sublata
878 3354 1067 3414 esset;
1112 3347 1217 3425 qui
1256 3346 1513 3406 comitiis
1552 3346 1792 3406 tributis
1827 3355 1980 3406 esset
2016 3348 2212 3427 auspi·
2267 3354 2399 3404 Plio.
2421 3369 2521 3403 vu.

298 3449 493 3512 catus,
540 3443 872 3502 centuriata
912 3442 1159 3502 habuit:
1202 3451 1619 3522 petentemque
1657 3442 2028 3504 consulatum
2067 3425 2328 3534 110ηὲἓο

298 3540 555 3621 septima
598 3541 955 3603 renuntiavit
994 3539 1299 3600 consulem
1341 3538 1416 3599 C.
1446 3540 1770 3602 Caninium
1786 3542 1882 3602 -Ο,
1913 3541 1986 3602 Ἐ.
2017 3542 2091 3602 C.
2121 3541 2212 3602 N.
2243 3515 2370 3626 Plu-t.
2395 3546 2524 3596 ca.

302 3634 620 3708 Rebilum,
663 3639 767 3717 qni
801 3657 987 3718 usque
1026 3635 1107 3696 ad
1152 3635 1463 3696 Kalendas
1496 3645 1672 3710 esset,
1716 3657 1852 3718 quae
1890 3647 2088 3699 essent
2121 3637 2214 3698 fu·
2239 3614 2539 3726 Ῑέζὲζοζῖη·

300 3741 451 3794 turae
488 3733 794 3815 postridie.
2239 3743 2319 3790 nbi
2339 3757 2471 3805 supr.
2489 3747 2542 3790 et

388 3839 489 3895 12.
534 3831 696 3892 Haec
722 3831 921 3892 referri
944 3831 1157 3892 melius
1180 3851 1297 3892 non
1324 3840 1589 3913 potuere,
1614 3851 1794 3910 quam
1820 3831 2015 3892 verbis
2040 3829 2214 3890 Cice·
2241 3807 2469 3920 {2³:323}
2487 3871 2542 3918 st·

308 3931 486 3999 ronis,
513 3929 617 4008 qui
646 3927 927 3989 interfuit.
1014 3929 1238 4008 Neque
1264 3929 1431 3989 dicta
1454 3927 1974 4009 praetermittenda,
2003 3928 2218 4007 quibus
2271 3937 2390 3984 Tac.
2407 3935 2545 3984 lint.

302 4024 648 4085 consulatus
686 4026 797 4085 iste
832 4024 1057 4086 derisus
1098 4035 1205 4086 est.
1292 4034 1308 4061 ‘
1343 4023 1601 4085 Caninio
1635 4023 1878 4084 consule
1915 4022 2216 4105 prandisse
2241 4017 2328 4050 ¹¹¹·
2348 4005 2430 4051 ⁸⁷·

306 4124 634 4182 neminem:
676 4143 813 4183 eum
856 4131 1029 4183 tanta
1062 4122 1243 4182 fuisse
1290 4121 1603 4201 vigilantia
1646 4131 1716 4181 ut
1749 4129 1876 4181 toto
1909 4119 2216 4181 consulatu
2241 4129 2350 4180 Cic.

304 4239 415 4280 suo
460 4239 725 4281 somnum
771 4239 887 4280 non
934 4218 1191 4290 viderit,'
1236 4219 1543 4279 Ciceronis
1581 4217 1738 4278 sales
1779 4227 1914 4279 sunt
1929 4239 1948 4289 3
1994 4225 2011 4253 ‘
2041 4225 2218 4278 antea

797 4434 829 4479 2
867 4429 1138 4480 Tribanitia
1160 4427 1281 4480 add.
1304 4427 1457 4478 Crev.
1482 4441 1547 4478 ex
1572 4427 1718 4476 Suet.
