3300 5234
904 606 1110 654 mum
1162 607 1317 654 civ.
1360 607 2013 658 surenssmnuruu.
2381 595 2558 662 5045

322 759 441 820 tur,
452 752 589 830 jam
612 757 887 830 suspecta
903 748 1133 810 habens
1156 749 1520 810 incrementa
1540 749 1821 823 Caesaris,
1841 761 1928 824 et,
1953 761 2022 814 ut
2045 750 2230 812 infida

319 855 411 906 est
428 845 715 927 potentioe
740 844 1017 917 societas,
1042 866 1281 906 suarum
1308 867 1499 908 rerum
1520 849 1752 909 anxius.
1817 848 2058 910 Idcirco
2079 867 2232 929 quas

318 943 445 1022 ipse
486 941 787 1003 extulerat
810 951 1177 1022 auxeratque
1204 941 1459 1004 Caesaris
1484 964 1649 1026 opes,
1691 955 1864 1006 tanta
1887 946 2228 1018 securitate,
2285 951 2394 1002 Cic.
2415 953 2480 1002 de

318 1049 387 1100 ut
412 1041 473 1100 in
499 1039 887 1101 decernendis
912 1041 1447 1122 supplicationibus
1472 1042 1818 1122 ampliorem
1857 1043 1915 1103 ei
1950 1043 2228 1104 honorem
2251 1015 2554 1134 {¹⁴¹³}ch

318 1139 623 1208 tribueret,
644 1157 827 1217 qnam
852 1138 977 1218 ipse
1016 1139 1377 1219 accepissem
1420 1159 1547 1210 eas,
1574 1139 1984 1200 animadverso
2006 1160 2227 1212 errore,
2251 1146 2370 1200 Dio.

317 1239 469 1300 citra
492 1257 661 1297 suam
688 1233 974 1296 invidiam
996 1237 1181 1296 minui
1200 1235 1583 1296 vehementer
1608 1217 1910 1317 cupiebat.
1995 1235 2232 1299 Urebat

317 1337 617 1398 hominem
641 1333 895 1416 principi
916 1332 1051 1394 loco
1076 1333 1498 1414 propemodum
1518 1353 1556 1394 a
1564 1335 1882 1413 juventute
1907 1343 2228 1408 assuetum,

316 1453 485 1494 suam
512 1431 983 1511 magnitudinem
1008 1430 1167 1512 apud
1194 1429 1477 1512 populum
1496 1430 1778 1492 vilescere
1805 1433 1937 1512 ipsa
1963 1441 2228 1492 assuetn-
2347 1467 2356 1480 -

318 1529 457 1590 dine
480 1527 727 1589 videndi
746 1547 765 1586 t
809 1526 1133 1599 Caesarem,
1170 1536 1241 1588 ut
1280 1547 1439 1588 nova
1464 1528 1724 1607 gratiora
1747 1537 1886 1588 sunt
1903 1530 2226 1600 veteribus,

318 1647 453 1688 cum
480 1625 659 1686 rebus
694 1625 875 1704 gestis
908 1624 1311 1704 magnificum,
1338 1632 1465 1685 tum
1498 1624 1658 1686 ultra
1691 1635 1988 1705 gestorum
2013 1624 2226 1706 ampli-
2313 1688 2320 1697 ,

316 1723 583 1783 tudinem
608 1723 669 1782 in
695 1721 1083 1782 admiratione
1108 1732 1174 1782 et
1190 1741 1389 1783 amore
1410 1723 1710 1783 hominum
1737 1743 1900 1784 esse:
1941 1731 2228 1805 praeterea

318 1829 547 1880 tantum
592 1821 649 1880 ei
694 1819 753 1879 in
792 1830 1001 1880 senatu
1043 1819 1353 1900 quaesitnm
1396 1821 1770 1881 auctoritatis
1803 1840 1952 1891 esse,
2009 1829 2078 1880 ut
2121 1839 2228 1900 per
2283 1825 2391 1876 Cic.
2411 1829 2473 1878 ad

317 1917 485 1977 illum
530 1927 1011 1998 consequeretur,
1048 1937 1183 1996 quae
1223 1937 1297 1977 ne
1344 1937 1450 1999 per
1494 1917 1784 1999 populum
1819 1917 2060 1998 quidem
2101 1917 2226 1976 sine
2250 1890 2384 2006 ἓξὲξ
2407 1897 2551 2008 3522·

316 2015 611 2076 seditione
652 2023 1025 2076 assecuturus
1064 2017 1405 2096 putabatur.
1490 2014 1662 2075 Nam
1687 2023 1751 2075 et
1783 2013 2140 2095 stipendium
2169 2015 2222 2074 ei
2249 2021 2396 2072 cons.
2411 2037 2456 2073 c.
2470 2027 2554 2074 ιι.

316 2113 619 2174 deeretmn
644 2121 773 2172 erat
796 2131 874 2173 ex
910 2114 1158 2183 aerariog
1200 2123 1265 2174 et
1292 2113 1499 2173 decem
1544 2113 1752 2191 legati,
1795 2112 1959 2192 quod
1995 2112 2226 2178 nonnisi
2251 2085 2390 2202 ⁰33·
2411 2152 2474 2201 od
2547 2131 2554 2140 ⁸

317 2211 595 2272 confecta
638 2211 946 2291 provincia
984 2210 1169 2272 solet:
1226 2221 1290 2272 et
1326 2231 1401 2272 ne
1440 2212 1573 2291 lege
1610 2209 1965 2292 Sempronia
1997 2209 2056 2270 ei
2090 2229 2226 2270 suc-
2249 2215 2382 2268 rm.
2405 2232 2445 2267 1.
2465 2221 2518 2268 7.

314 2309 643 2370 cederetur.
1687 2318 1692 2326 '

394 2413 499 2466 90.
542 2404 755 2486 Atque
794 2403 923 2464 haec
948 2406 1149 2465 omnia
1186 2423 1305 2465 non
1342 2401 1585 2484 quidem
1620 2404 1825 2486 palam
1859 2415 2226 2488 repugnante
2252 2411 2368 2462 Dio.

318 2501 619 2582 Pompeio
662 2499 913 2580 fiebant,
938 2499 1043 2560 sed
1068 2509 1265 2560 tamen
1298 2521 1405 2581 per
1433 2500 1742 2562 cuniculos
1769 2509 2022 2562 conante
2059 2521 2228 2581 spem

315 2601 555 2662 eludere
584 2601 865 2661 Caesaris.
947 2599 1104 2660 Cum
1129 2597 1472 2661 consulibus
1496 2602 1656 2661 enim
1686 2601 1830 2680 egit,
1857 2621 1934 2661 ne
1951 2599 2028 2660 de
2053 2601 2228 2661 rebus

314 2699 387 2758 iis
412 2719 491 2758 ex
520 2697 707 2757 literis
733 2696 991 2757 Caesaris
1018 2696 1301 2758 referrent
1322 2717 1339 2767 ς
1380 2706 1563 2778 utque
1588 2717 1884 2759 mccessor
1909 2697 2022 2778 ipsi
2045 2697 2229 2756 etiam

314 2805 455 2857 ante
478 2804 717 2877 tempus
738 2793 995 2855 Vatinia
1020 2795 1151 2876 lege
1170 2796 1656 2877 comprehensum
1681 2798 2026 2856 mitteretur.
2085 2793 2229 2856 Nec

314 2893 565 2954 deerant
584 2893 811 2953 inimici
838 2892 1089 2964 Caesari,
1116 2895 1259 2954 satis
1286 2903 1557 2974 potentes
1581 2892 1662 2953 ad
1687 2891 2150 2974 impediendum,
2177 2893 2228 2952 si

315 2989 641 3051 concordes
674 2989 941 3050 fuissent.
1027 2989 1213 3051 Nunc
1258 2989 1513 3051 invicem
1554 2989 1953 3050 obtrectantes
1990 3009 2229 3071 suspec-

313 3097 651 3168 tantesque,
686 3107 825 3170 pars
850 3087 1222 3169 pretermisit
1256 3088 1630 3148 occasionem
1665 3086 2086 3168 oppugnandi3
2127 3107 2226 3148 ce-

313 3186 427 3247 teri
454 3185 635 3266 pauci
658 3205 781 3245 rem
806 3193 1141 3266 susceptam
1170 3183 1451 3266 perficere
1476 3186 1887 3266 nequiverunt.

396 3289 499 3344 91.
544 3283 741 3362 Igitur
784 3281 1113 3364 Pompeius
1150 3301 1329 3342 unam
1368 3282 1688 3343 retinenda
1725 3283 2006 3365 potentioe
2041 3282 2225 3342 ratio·
2343 3289 2358 3296 '

314 3399 453 3440 nem
504 3383 793 3460 optimam
842 3389 1028 3452 ratus,
1081 3380 1133 3440 si
1182 3399 1319 3440 cum
1374 3379 1469 3440 Μ.
1513 3379 1732 3441 Crasso
1779 3377 2032 3440 consilia
2081 3399 2227 3439 con·

302 3477 627 3558 junctiora⁸
671 3477 939 3548 haberet,
992 3477 1292 3537 hominem
1356 3476 1569 3536 eadem
1636 3477 1841 3536 omnia
1901 3477 2228 3555 agitantem

312 3574 517 3633 animo
566 3571 745 3633 facile
790 3575 1123 3654 permovit:
1190 3573 1696 3653 communiterque
1753 3571 2046 3634 ambobus
2093 3570 2226 3652 pla-

310 3671 464 3743 cuit,
490 3670 807 3751 petendum
836 3670 1231 3742 consulatum,
1258 3678 1321 3731 et
1344 3669 1696 3730 obtinendas
1721 3671 2052 3751 provincias
2073 3687 2226 3739 esse,

313 3787 435 3848 quo
476 3767 647 3827 novis
686 3765 953 3847 gerendis
990 3768 1165 3828 rebus
1204 3767 1547 3828 refricarent
1583 3769 1645 3828 in
1683 3767 1891 3826 animis
1923 3767 2227 3826 hominum

308 3865 535 3926 veteris
597 3863 801 3944 gloriae
850 3863 1318 3936 admirationem,
1369 3865 1696 3946 iisdemque
1743 3863 1958 3934 modis,
2011 3865 2228 3944 quibus

310 3963 517 4040 augeri
562 3962 857 4022 Caesarem
900 3961 1209 4032 videbant,
1242 3982 1308 4022 se
1346 3981 1601 4042 suasque
1638 3981 1784 4042 opes
1820 3968 2142 4020 tuerentur.

396 4065 499 4119 92.
542 4057 703 4118 Cum
744 4059 876 4120 haec
912 4059 1003 4119 ita
1045 4058 1429 4140 placuissent,
1468 4056 1880 4138 reliquumque
1923 4057 2226 4135 negotium
2249 4079 2554 4131 Plutona.

310 4164 493 4226 esset,
518 4164 589 4215 ut
608 4153 837 4216 Caesari
860 4155 1204 4237 petitionem
1228 4153 1571 4216 consulatus
1596 4155 1936 4234 probarent,
1963 4151 2126 4234 quod
2151 4173 2226 4212 eo

310 4255 605 4314 renitente
646 4251 815 4313 nulla
853 4273 986 4333 spes
1020 4251 1386 4334 adipiscendi
1430 4261 1768 4332 superorum
1811 4253 1922 4332 ipsi
1963 4249 2041 4310 ad
2087 4269 2224 4310 eum

314 4349 617 4432 proficisci
658 4371 763 4432 per
792 4350 1125 4431 quamlibet
1146 4370 1388 4412 causam
1412 4360 1764 4412 statuerunt.
1847 4347 2070 4430 Neque
2095 4359 2228 4410 erat
2281 4369 2408 4418 Caes.
2425 4382 2534 4434 pu-

312 4447 581 4520 difficile,
607 4464 746 4510 cum
770 4449 885 4510 hoc
910 4449 1177 4510 instituto
1205 4448 1410 4512 Caesar
1438 4458 1718 4521 uteretur,
1743 4457 1832 4520 ut,
1859 4447 2086 4528 quoties
2119 4466 2226 4529 per
2251 4436 2362 4484 ⁸³¹²·
