3300 5234
691 586 870 653 5190

1664 606 1734 654 ·1·.
1784 605 1975 655 lell

1021 758 1410 830 genuumque,
1431 768 1508 809 ne
1533 746 1929 811 creditoribus
1942 748 2259 822 solverent,
2278 750 2679 833 supprimere:
2722 750 2931 813 borum

1021 847 1290 929 nequitia
1315 848 1557 919 abusus,
1581 846 1775 927 legem
1800 846 1961 919 tulit,
1988 856 2009 884 ‘
2038 868 2113 909 ne
2140 848 2276 928 quis
2299 867 2478 929 supra
2500 851 2771 911 sestertia
2792 870 2933 911 sex-

1019 946 1226 1024 aginta
1241 946 1268 983 ¹³
1295 945 1356 1005 in
1387 953 1697 1005 numerato
1735 943 2024 1006 haberet?
2105 942 2209 1006 Sic
2230 944 2672 1025 providebatur,
2698 964 2774 1007 ιιο
2798 946 2938 1027 quis

1019 1061 1364 1121 magnarum
1389 1062 1572 1123 opum
1597 1040 1824 1103 fiducia
1850 1040 2112 1122 adjicere
2133 1041 2214 1103 ad
2230 1062 2325 1103 res
2348 1042 2655 1103 novandas
2673 1044 2935 1103 animum

1017 1147 1238 1221 posset.
1321 1138 1516 1199 Plebs
1541 1138 1619 1200 ad
1654 1139 1784 1201 baec
1811 1138 1953 1199 addi
1978 1138 2341 1221 postulabat,
2371 1148 2439 1201 ut
2462 1141 2708 1221 praemia
2727 1140 2935 1213 servis,

1021 1238 1126 1318 qui
1151 1236 1428 1299 dominos
1461 1236 1522 1297 in
1562 1237 1723 1298 hanc
1758 1236 1959 1316 legem
1984 1244 2303 1319 peccantes
2334 1235 2705 1311 detulissent,
2730 1238 2935 1299 decer-

1023 1343 1330 1395 nerentur:
1371 1333 1478 1395 sed
1502 1334 1714 1395 abnuit
1738 1332 1965 1407 Caesar,
1977 1335 2330 1418 jurabisque
2356 1336 2597 1415 negavit
2620 1336 2803 1397 servis
2828 1334 2937 1396 ad-

1021 1452 1226 1494 versus
1247 1431 1519 1494 dominos
1541 1431 1928 1493 crediturum.

923 1548 1001 1586 ιν.
1104 1536 1206 1593 51.
1249 1528 1419 1591 Inter
1440 1530 1576 1591 haec
1609 1538 1735 1591 tam
1776 1550 2055 1611 prospera
2088 1549 2207 1591 non
2245 1527 2543 1591 modicam
2573 1530 2810 1613 accepit
2833 1550 2941 1613 per

939 1680 980 1715 ι.
1024 1625 1206 1688 duces
1229 1646 1366 1687 suos
1389 1626 1448 1686 in
1466 1624 1719 1705 Illyrico
1742 1624 2001 1687 cladem.
2045 1625 2127 1687 P.
2150 1624 2495 1687 cornelium
2524 1624 2939 1699 Dolabellam,

1023 1742 1162 1785 cum
1181 1744 1221 1784 a
1245 1722 1485 1784 Caesare
1511 1742 1695 1783 naves
1730 1723 1999 1796 baberet,
2038 1722 2132 1783 Μ.
2156 1723 2454 1784 Octavius
2482 1733 2549 1782 et
2590 1722 2664 1786 1.;
2694 1722 2941 1786 Scribo-

1031 1822 1164 1881 nius
1193 1820 1368 1892 Libo,
1393 1840 1548 1901 quos
1595 1820 1935 1881 Liburnicoe
1975 1830 2154 1902 atque
2198 1820 2492 1881 Achaica}
2532 1818 2709 1881 classi
2750 1821 2943 1884 Pom-

957 1919 1200 1999 fel-peius
1223 1917 1593 1999 praefecerat,
1618 1918 1847 1979 victum
1872 1928 2239 1999 exutumque
2274 1918 2465 1999 copiis
2490 1916 2806 1980 Dalmatia
2832 1940 2942 1981 ex-

943 2015 1331 2101 o'pulerunt.
1415 2014 1540 2077 Sed
1581 2014 1685 2077 ille
1710 2015 1975 2098 quidem,
2005 2016 2217 2077 amissa
2240 2015 2454 2088 classe,
2482 2015 2738 2097 perfugit
2758 2017 2840 2077 ad
2866 2017 2945 2077 C.

1035 2113 1394 2185 Antonium,
1418 2112 1526 2195 qui
1551 2112 1632 2174 ad
1652 2112 1963 2174 Curictam
1984 2112 2051 2191 (J
2054 2112 2315 2194 apodum
2342 2112 2641 2173 littoribus
2656 2115 2839 2175 assita
2852 2124 2947 2175 est

997 2209 1252 2283 insula,
1279 2210 1360 2272 ad
1406 2211 1584 2271 maris
1623 2210 1929 2272 Adriatici
1969 2210 2201 2289 fauces)
2238 2218 2433 2271 castra
2457 2210 2738 2272 babebat.
2822 2210 2948 2272 Sed

1036 2309 1226 2390 ipsum
1265 2328 1502 2391 quoque
1545 2308 1907 2381 Antonium,
1950 2326 2088 2369 cum
2115 2306 2320 2369 ulcisci
2350 2306 2739 2369 Dolabellam
2764 2328 2951 2391 cupe-

975 2411 1152 2481 ret,
1177 2426 1318 2469 cum
1338 2406 1425 2474 Q.
1446 2404 1779 2467 Hortensio
1804 2406 1907 2488 qui
1934 2407 2015 2468 ab
2040 2404 2245 2467 Infero
2270 2406 2417 2467 mari
2441 2405 2691 2466 classem
2716 2405 2951 2467 addux-

1036 2511 1188 2575 erat,
1215 2502 1577 2584 Pompeiani
1618 2502 1803 2563 duces
1838 2512 2226 2585 superarunt:
2270 2521 2613 2585 quanquam
2636 2502 2695 2562 ei
2724 2501 2795 2563 L.
2826 2502 2953 2563 Mi-

1037 2600 1247 2663 nucius
1275 2600 1534 2673 Basilus,
1575 2600 1656 2662 C.
1685 2599 2005 2662 Sallustius
2033 2601 2303 2683 Crispus,
2328 2620 2408 2661 ex
2433 2600 2675 2680 singulis
2698 2599 2955 2680 legioni-

1039 2699 1152 2761 bus
1176 2699 1394 2780 quibus
1416 2706 1733 2779 praeerant,
1772 2699 2047 2761 cohortes
2086 2698 2317 2779 aliquot
2352 2696 2615 2759 subsidio
2640 2698 2953 2759 misissent.

1041 2795 1344 2856 Antonius
1379 2794 1693 2856 Curictam
1732 2794 1970 2875 refugit,
2018 2796 2335 2876 asperitate
2366 2794 2513 2854 situs
2536 2803 2601 2855 et
2625 2793 2955 2855 incolarum

1040 2893 1262 2953 virtute
1286 2890 1562 2953 confisus.
1646 2890 1773 2954 Sed
1812 2892 1915 2952 ubi
1948 2890 2241 2953 Octavius
2269 2899 2334 2952 et
2359 2890 2514 2951 Libo
2536 2910 2673 2951 cum
2698 2891 2955 2971 ingenti-

1041 2989 1156 3048 bus
1177 2988 1368 3070 copiis
1399 2987 1783 3050 classicorum
1826 2988 2143 3060 affuerunt,
2172 2987 2553 3069 desertosque
2578 3006 2618 3047 a
2656 2988 2833 3049 sociis
2857 3009 2957 3049 ur-

1004 3104 1182 3163 gere
1208 3084 1400 3145 fames
1421 3086 1624 3167 coepit,
1660 3094 1725 3147 et
1760 3084 1841 3146 ad
1882 3085 2291 3167 Pompeianas
2312 3094 2515 3167 partes
2540 3075 2741 3175 palam
2764 3093 2959 3146 trans·

1045 3200 1274 3261 gressus
1315 3182 1406 3243 vir
1447 3180 1793 3261 fortissimus
1835 3182 1911 3244 T.
1942 3182 2134 3245 Pusio
2175 3182 2505 3254 solicitare3
2551 3182 2859 3244 Antonius
2892 3202 2959 3243 se

1043 3298 1180 3340 cum
1227 3278 1570 3359 quindecim
1609 3280 1955 3341 cohortibus
1998 3280 2257 3342 dedidit:
2300 3298 2619 3361 omnesque
2660 3279 2738 3341 ad
2766 3280 2959 3341 Pom-

925 3365 936 3377 ’
971 3397 988 3414 ·
1045 3376 1246 3457 ροὶιιιιι
1273 3396 1312 3437 a
1335 3376 1565 3437 Libone
1593 3376 1837 3439 deducti
1855 3386 2010 3438 sunt.
2080 3378 2339 3439 Evasere
2366 3386 2567 3437 tamen
2594 3377 2759 3458 prius
2780 3376 2959 3458 pauci

1045 3471 1126 3533 ad
1173 3472 1471 3545 Basilum,
1502 3474 1608 3555 qui
1641 3476 1849 3557 copias
1886 3475 2199 3536 instructas
2232 3495 2308 3535 ex
2352 3473 2603 3535 adverso
2642 3472 2839 3533 littore
2864 3492 2961 3533 os-

1046 3567 1344 3633 tenderat.

1129 3672 1232 3728 62.
1277 3666 1376 3729 Ea
1399 3686 1536 3749 spes
1567 3667 1885 3730 audaciam
1914 3668 2070 3749 parti
2108 3667 2363 3729 militum
2398 3666 2565 3741 fecit,
2594 3677 2661 3729 ut
2690 3686 2846 3729 nova
2864 3686 2961 3727 ra·

1047 3764 1208 3825 tione
1227 3774 1522 3827 tentarent
1545 3786 1653 3847 per
1671 3785 1833 3827 mare
1856 3764 2078 3844 fugam.
2161 3765 2448 3846 Namque
2486 3764 2715 3827 refluxu
2740 3784 2963 3846 expec-

1048 3873 1202 3937 tato,
1228 3872 1387 3925 rates
1409 3863 1880 3926 conscenderunt
1912 3865 1999 3924 ita
2024 3872 2358 3934 contextas,
2384 3872 2453 3923 ut
2478 3862 2789 3942 geminatis
2812 3882 2961 3943 cup·

1050 3980 1260 4042 parum
1298 3958 1606 4022 ordinibus
1641 3960 2073 4032 incumberent,
2108 3980 2229 4041 quo
2264 3959 2417 4019 iuter
2452 3970 2767 4041 utrumque
2804 3956 2964 4019 ordi-

1050 4078 1186 4120 nem
1216 4057 1455 4119 occulto
1479 4057 1726 4137 remigio
1751 4056 2228 4138 proveherentur.
2314 4056 2513 4118 Series
2534 4076 2861 4139 cupparum
2886 4054 2967 4116 ad

1052 4153 1474 4216 firmitudinem
1497 4156 1725 4215 catenis
1757 4152 1962 4215 ferreis
1994 4153 2456 4235 colligabantur.
2542 4152 2621 4214 In
2648 4152 2843 4215 medio
2866 4172 2965 4213 ra-

1051 4252 1130 4313 tis
1161 4261 1362 4313 erecta
1395 4251 1571 4312 turris
1607 4260 1761 4325 erat,
1802 4250 1981 4323 unde,
2014 4251 2206 4313 sicubi
2232 4251 2354 4313 vim
2378 4249 2605 4313 faceret
2627 4250 2833 4321 bostis,
2858 4248 2963 4309 de-

1141 4472 1168 4511 Ρ
1197 4464 1432 4519 &uerna
1468 4468 1749 4535 sexaginta]
1796 4468 2004 4520 Marcus
2040 4468 2245 4535 argenti
2267 4472 2384 4521 θα.
2418 4466 2601 4520 uncias
2618 4469 2670 4517 ⁸.
2709 4465 2857 4517 cm.
