3300 5234
868 480 1075 533 mum
1124 481 1343 533 cxix.
1386 478 2039 533 susannam-uu.
2198 436 2208 445 ¹
2385 464 2584 533 ’5423-

340 624 886 688 duodevicesimum
939 624 1251 687 Kalendas
1304 624 1499 687 Maii:
1522 630 1546 659 ⁰
1606 644 1730 707 quo
1778 623 1990 704 praelio
2038 622 2248 685 Pansa
2269 633 2486 751 Agpiun.
2521 704 2532 715 ι

338 724 554 785 consul
578 742 737 795 cum,
762 733 1011 804 accepto
1040 723 1303 796 vulnere,
1330 722 1559 785 fortiter
1592 732 1966 804 repugnaret,
1993 720 2116 802 pilo
2142 740 2248 801 per
2272 702 2572 816 XIJcbpffl·
2597 752 2607 763 ·

340 821 455 881 ilia
494 830 791 881 transacto
829 819 993 880 aliud
1040 822 1273 902 accepit
1313 822 1569 900 gravius,
1603 829 1667 881 et
1700 841 1776 881 ex
1817 819 2022 901 proelio
2057 818 2248 880 elatus
2271 830 2336 879 ad
2356 799 2494 907 ἑςᾶι.
2517 850 2557 907 ¹2

340 926 437 977 est
464 917 819 979 Bononiams
900 917 1206 978 Antonius
1228 917 1513 979 victorem
1536 937 1599 977 se
1626 916 1821 977 ferens
1851 924 2046 976 castra
2069 916 2249 975 etiam
2272 894 2498 1009 ⁹233&
2500 977 2542 1012 1.

340 1014 599 1073 hostium
635 1015 1025 1095 oppugnavit,
1064 1034 1257 1093 neque
1294 1034 1511 1095 capere
1548 1013 1766 1094 potuit,
1803 1012 2006 1073 multis
2041 1010 2251 1073 occisis
2276 1028 2355 1075 18.
2551 1024 2556 1031 ’

340 1112 635 1171 tironibus
660 1110 903 1183 Pansae,
928 1110 1132 1171 multis
1152 1112 1337 1171 etiam
1362 1112 1591 1171 amissis
1613 1110 1900 1171 militibus
1917 1112 2060 1171 suis.
2140 1109 2249 1171 Id·
2271 1088 2579 1203 JugiCOZoq.

341 1208 507 1268 circo
540 1227 615 1267 ne
640 1209 911 1280 interim,
936 1208 1176 1287 cognita
1211 1229 1299 1280 re,
1328 1208 1533 1269 Caesar
1570 1218 1750 1287 atque
1779 1207 2022 1267 Hirtius
2047 1228 2249 1289 super-
2277 1218 2409 1269 Fam.
2427 1222 2578 1271 xmo.

342 1306 633 1377 venirent,
662 1306 877 1367 omissa
910 1295 1351 1387 oppugnatione
1386 1316 1734 1377 castrorum,
1761 1305 1840 1365 ad
1879 1326 1988 1365 sua
2013 1304 2251 1365 reduxit
2275 1282 2574 1401 gisppin.

342 1404 693 1463 exercitum.
1424 1479 1427 1487 .

430 1506 529 1561 12.
572 1500 669 1560 At
695 1498 941 1560 Hirtius
964 1489 1045 1561 ad
1080 1500 1652 1571 defensionem'valli
1687 1503 1802 1575 sui,
1827 1501 1989 1583 quod
2013 1503 2248 1564 interim
2306 1510 2415 1563 Cic.
2448 1512 2579 1565 Phil.

346 1618 388 1657 a
412 1606 579 1677 parte
612 1616 849 1658 suorum
884 1599 1217 1678 oppugnari
1250 1598 1553 1659 Antonius
1564 1601 1848 1679 jusoerat,
1873 1598 2083 1660 relicto
2111 1600 2248 1661 Gae-
2275 1582 2497 1691 ¹332·

344 1712 501 1765 sare,
525 1712 659 1753 cum
698 1692 929 1771 legione
964 1703 1203 1774 quarta,
1230 1704 1291 1754 et
1326 1703 1736 1756 veteranorum
1763 1694 1969 1755 decem
1993 1697 2249 1757 cohorti·
2273 1705 2488 1821 Agpian.
2511 1716 2565 1759 et

348 1790 461 1851 bus
488 1790 644 1867 (haec
678 1792 931 1872 septima
967 1801 1097 1852 erat
1134 1791 1342 1871 legio),
1370 1792 1639 1853 redeunti
1665 1792 1936 1853 Antonio
1972 1794 2248 1865 occurrit,
2273 1788 2417 1889 ruff·
2427 1772 2582 1889 ἕω.

348 1896 661 1968 appetente
688 1890 823 1967 jam
847 1908 1111 1971 vespera.
1196 1888 1298 1949 Ibi
1322 1888 1539 1949 defessi
1566 1898 1627 1949 et
1652 1890 1970 1951 inordinati
1995 1890 2074 1949 ab
2099 1891 2250 1951 inte-

346 2002 455 2062 gro
480 1984 667 2044 milite
691 1986 953 2066 excepti,
978 2004 1318 2066 quanquam
1343 1986 1487 2046 satis
1509 1984 1738 2045 fortiter
1761 2004 1824 2045 se
1844 1972 2251 2058 defenderent,

344 2078 581 2141 cladem
622 2090 977 2162 acceperunt
1001 2102 1021 2151 ς
1066 2082 1277 2159 majori
1322 2089 1490 2162 parte
1542 2090 1952 2143 veteranarum
1994 2082 2253 2143 Antonii

346 2177 649 2257 copiarum
681 2178 899 2239 deleta.
986 2177 1061 2237 In
1102 2180 1219 2239 hoc
1256 2178 1465 2259 praelio
1498 2181 1712 2239 summi
1733 2179 1902 2240 ducis
1927 2187 2107 2259 atque
2133 2178 2251 2241 for-

346 2274 555 2334 tissimi
579 2275 787 2336 militis
812 2275 1015 2337 munia
1038 2275 1245 2336 consul
1272 2276 1559 2356 explevit,
1584 2296 1702 2337 non
1728 2276 1908 2337 modo
1926 2278 2102 2337 rebus
2123 2296 2250 2337 om-

348 2372 523 2431 nibus
544 2373 766 2453 optime
792 2373 1063 2454 provisis,
1088 2373 1194 2433 sed
1220 2372 1399 2461 ⁶adito
1434 2373 1587 2432 inter
1624 2374 1841 2454 primos
1875 2372 2162 2455 periculo,
2189 2382 2254 2433 et
2307 2400 2412 2455 cic,
2444 2404 2578 2457 pm·

348 2469 613 2549 aquilam
652 2480 881 2551 quartae
928 2470 1177 2551 legionis
1222 2470 1347 2551 ipse
1392 2471 1453 2530 in
1495 2471 1754 2531 hostium
1796 2470 2044 2533 adversa
2081 2471 2252 2550 sig-na
2275 2474 2490 2545 ¹¹V·‚l⁰·
2635 2468 2640 2473 ’

348 2565 619 2627 inferens.
664 2568 851 2636 Quod
876 2569 989 2628 nisi
1014 2588 1135 2630 nox
1160 2579 1224 2629 et
1248 2568 1537 2649 paludosa
1560 2568 1784 2629 circum
1811 2568 1948 2629 loca
1973 2568 2250 2631 Hirtium
2275 2532 2358 2600 Ap
2359 2550 2494 2601 9¹⁸¹*

348 2665 429 2724 ab
454 2666 813 2747 insequendo
837 2667 1270 2738 deterruissent,
1296 2666 1509 2728 confici
1536 2666 1762 2727 bellum
1790 2667 2002 2747 potuit.
2088 2666 2251 2741 Haec

348 2771 413 2823 et
438 2764 693 2824 Antonii
716 2764 1055 2845 eripuerunt
1078 2765 1332 2843 equites,
1357 2773 1419 2823 et
1442 2764 1535 2823 his
1558 2764 1928 2825 occasionem
1965 2763 2257 2825 dederunt

348 2860 549 2939 plures
588 2880 827 2921 suorum
866 2860 1275 2921 conservandi.
1360 2861 1606 2941 Quippe
1646 2861 1900 2932 saucios,
1940 2862 2256 2923 nonnullos

350 2965 413 3017 et
450 2957 728 3036 integros,
770 2976 893 3038 prae
928 2956 1273 3018 lassitudine
1311 2958 1371 3019 in
1412 2948 1720 3037 uliginosis
1757 2958 1904 3019 locis
1946 2958 2252 3031 haerentes,

350 3053 562 3133 partim
598 3054 657 3114 in
691 3074 877 3134 equos
916 3054 1295 3136 imponendo,
1323 3054 1474 3115 alios
1512 3054 1852 3135 recipiendo
1897 3064 2032 3137 post
2063 3064 2252 3134 terga,

350 3160 415 3211 et
464 3150 927 3221 valentissimum
974 3172 1269 3233 quemque
1309 3136 1592 3233 jubentes
1632 3154 1918 3233 correptis
1963 3173 2248 3235 equorum

350 3246 557 3309 caudis
578 3246 911 3310 accelerare
932 3248 1157 3330 fugam,
1184 3269 1459 3330 magnum
1487 3268 1690 3310 eorum
1707 3268 2012 3317 numerum
2029 3250 2247 3311 redux-

351 3355 523 3407 erunt
552 3348 613 3407 in
650 3356 847 3409 castra
882 3347 961 3407 ad
1002 3348 1326 3423 Mutinam,
1352 3356 1565 3429 quarta
1603 3346 1842 3407 demum
1881 3349 2068 3408 noctis
2106 3347 2251 3408 hora

354 3444 585 3503 reversi.
670 3444 935 3525 Aquilas
972 3445 1145 3517 duas,
1186 3445 1359 3524 signa
1400 3462 1503 3503 sex
1546 3452 1610 3549 et
1646 3444 1958 3523 sexaginta
2000 3445 2252 3505 victores
2307 3464 2414 3515 cic.
2446 3467 2508 3515 ad

226 3538 231 3545 '
350 3538 697 3601 retulerunt.
2273 3529 2404 3579 Fam.
2425 3548 2478 3579 x.
2493 3536 2576 3581 ³⁰.

434 3642 534 3697 13.
579 3636 683 3697 Sic
724 3646 961 3717 aequata
1002 3638 1185 3717 partis
1232 3636 1537 3715 utriusque
1582 3636 1842 3707 fortuna,
1890 3656 2008 3697 non
2055 3636 2244 3697 solum
2269 3658 2377 3735 ΗΥ,
2407 3660 2542 3724 Epit.

356 3732 618 3807 Hirtius,
642 3736 815 3814 cujus
847 3735 910 3795 id
949 3734 1249 3815 proprium
1282 3733 1467 3793 decus
1498 3732 1711 3804 fuerat,
1737 3734 1841 3805 sed
1868 3734 2078 3793 Pansa
2101 3754 2246 3813 quo-
2272 3723 2480 3839 1331AE
2483 3794 2574 3842 ut.

352 3852 468 3913 que
512 3841 577 3893 et
612 3831 821 3892 Caesar
860 3851 899 3892 a
938 3831 1247 3903 militibus,
1286 3838 1359 3891 et
1387 3850 1529 3891 mox
1572 3832 1652 3889 ab
1687 3839 1916 3911 senatu,
1954 3830 2032 3891 ad
2071 3851 2248 3912 quem
2275 3870 2345 3905 w,
2367 3860 2480 3905 676.

352 3930 551 3991 literas
577 3928 820 3991 Hirtius
852 3938 917 3989 et
942 3928 1147 3991 Caesar
1180 3930 1552 4009 scripserant,
1579 3926 1868 4008 appellati
1903 3936 2039 3987 sunt
2062 3929 2246 4010 impe-
2307 3919 2414 3969 cic.
2438 3920 2574 3971 Phil.

2273 3998 2384 4032 XIV·

417 4129 441 4155 ⁰
492 4122 559 4172 Δ.
584 4120 657 4171 D.
698 4119 1123 4171 duodevicesimus
1145 4121 1266 4171 Kal.
1336 4118 1492 4169 facile
1535 4120 1714 4184 potuit
1743 4134 1890 4170 error
1921 4121 1974 4171 in
2011 4120 2246 4171 numero·

356 4186 509 4251 Maii]
524 4186 789 4236 Ciceronis
815 4186 1267 4249 exemplaria,l.x.
1338 4198 1449 4233 rum
1472 4194 1643 4235 notas.
1714 4184 1890 4236 ovidii
1915 4186 2074 4235 verba
2102 4186 2248 4235 clara

357 4252 417 4300 ad
446 4252 585 4301 Fam.
625 4252 722 4315 Ep.
745 4254 828 4300 ³⁰.
863 4248 1059 4300 habent
1086 4250 1141 4299 X
1152 4250 1271 4299 VII.
1337 4256 1477 4307 sunt,
1516 4264 1615 4299 nec
1656 4249 2017 4316 depravationi
2055 4264 2246 4317 oppor-

358 4318 602 4369 Kalendas
638 4316 786 4367 Μιίἐ.
852 4316 955 4365 Sed
994 4315 1269 4381 irrepsisse
1340 4323 1482 4365 tuna.
1516 4316 1655 4369 Creo.
