3300 5234
711 446 998 539 ⁵232,

1669 465 1737 511 T.
1788 464 1973 513 mvn

1043 606 1276 685 aquilas
1318 605 1556 667 Nonius
1586 605 1866 667 dicebat:
1910 605 2207 687 Pompeio
2242 606 2547 667 victoriam
2582 603 2787 667 deberi
2830 605 2951 668 Lae-

1042 704 1272 777 bienus,
1313 706 1512 765 nescio
1551 725 1800 784 quorum
1840 706 2143 765 numinum
2190 704 2465 765 oraculis.
2548 704 2675 765 His
2712 724 2953 785 quoque

1041 799 1207 861 dicta
1243 804 1504 882 reposuit
1548 800 1799 861 Cicero:
1845 800 2079 872 Nonio,
2124 811 2143 837 ‘
2173 810 2331 862 recte
2368 821 2503 862 eum
2538 800 2861 873 confidere,
2900 803 2955 862 si

943 982 954 992 .
1044 900 1426 979 pugnandum
1465 900 1543 961 sit
1579 918 1719 959 cum
1758 898 2017 977 graculis
2035 900 2073 957 :'
2126 899 2413 974 Labieno,
2460 910 2477 937 ‘
2506 900 2623 960 hoc
2665 908 2955 979 stratege-

717 1098 854 1151 Plut.
873 1098 988 1150 Cat.

719 1498 798 1547 Lu
768 1514 842 1547 αα
861 1502 1020 1549 rx..80

719 1562 836 1621 Dim
863 1579 978 1613 nn

753 1628 897 1741 Appi1
873 1644 970 1678 1.an

753 1757 859 1807 cic.
880 1760 944 1807 do

717 1820 836 1871 Div.
861 1840 898 1871 1.
918 1826 1002 1875 82.

1044 1006 1204 1057 mate
1224 999 1358 1074 jam
1385 998 1602 1057 amissa
1625 1006 1822 1057 castra
1844 996 2014 1057 esse!

1125 1100 1186 1155 3.
1229 1093 1452 1157 Catoni
1491 1095 1620 1155 haec
1662 1095 1861 1155 animo
1890 1074 2197 1153 ‘sententia
2236 1092 2493 1164 sederat,
2528 1100 2620 1165 ut,
2656 1092 2951 1173 siquidem

1046 1191 1376 1273 Pompeius
1411 1186 1744 1262 cecidisset,
1772 1192 2177 1273 transportatis
2210 1190 2273 1249 in
2311 1190 2555 1251 Italiam
2580 1210 2730 1271 quos
2752 1210 2953 1250 secum

1045 1290 1328 1361 babebat,
1372 1290 1696 1371 patriaeque
1741 1287 2043 1359 restitutis,
2088 1288 2212 1368 ipse
2262 1288 2574 1349 exulatum
2618 1286 2953 1369 proficisce-

1045 1396 1206 1447 retur
1245 1386 1546 1467 quolibet:
1597 1386 1898 1467 superanti
1942 1394 2143 1445 autem
2188 1386 2393 1465 copias
2438 1385 2517 1445 ab
2562 1405 2635 1444 eo
2676 1394 2958 1465 acceptas

1045 1504 1182 1544 cum
1225 1482 1346 1544 fide
1387 1493 1665 1544 servaret.
1749 1482 1896 1543 Hoc
1922 1483 2121 1543 animo
2145 1484 2449 1561 navigavit
2475 1480 2825 1562 Corcyram,
2850 1481 2955 1542 ubi

987 1599 1000 1614 ·
1046 1579 1254 1641 classis
1275 1580 1494 1641 stabat.
1577 1580 1730 1639 Erat
1752 1580 1989 1639 omnino
2012 1579 2171 1659 fugae
2198 1577 2407 1639 similis
2432 1578 2743 1660 profectio.
2828 1577 2956 1657 Igl-

1047 1684 1144 1737 tur
1181 1685 1248 1737 et
1285 1675 1641 1737 frumentum
1680 1696 1759 1737 ex
1800 1676 2021 1736 horreis
2060 1686 2292 1757 raptum
2326 1678 2457 1737 vias
2494 1676 2957 1757 angiportusque

1047 1781 1491 1835 constraverat:
1537 1781 1602 1832 et
1625 1774 1769 1852 quia
1794 1792 1909 1832 non
1935 1773 2113 1833 modo
2138 1774 2273 1853 jam
2298 1773 2503 1844 hostis,
2526 1772 2633 1833 sed
2660 1792 2783 1831 suae
2808 1792 2956 1853 quo-

1047 1890 1164 1950 que
1202 1871 1392 1951 copiae
1429 1870 1634 1931 terrori
1678 1870 2065 1950 Pompeianis
2103 1880 2293 1943 erant,
2320 1872 2519 1931 subito
2546 1880 2709 1931 metu
2736 1879 2955 1951 perter-

1045 1967 1142 2027 riti
1185 1967 1655 2029 conscenderunt
1697 1988 1897 2030 nave-⁵1.
1982 1966 2123 2029 Nec
2167 1969 2417 2048 injustus
2457 1968 2561 2029 ille
2606 1968 2785 2028 timor
2820 1966 2955 2027 fuit.

1047 2064 1216 2127 Nam
1255 2073 1432 2126 noctu
1471 2064 1550 2124 ad
1573 2064 1861 2148 oppidum
1886 2086 1965 2125 ex
1992 2086 2163 2125 cursu
2190 2066 2655 2147 respicientibus,
2680 2084 2955 2145 magnum

1045 2162 1383 2223 incendium
1409 2162 1649 2245 reluxit,
1673 2161 2062 2242 flagrantibus
2078 2164 2385 2235 onerariis,
2406 2162 2663 2223 militum
2680 2162 2958 2233 audacia,

1003 2310 1012 2319 .
1048 2259 1368 2321 nolentium
1401 2260 1814 2321 conscendere.
1897 2259 2054 2319 Tum
2090 2268 2151 2319 et
2187 2256 2437 2321 Rhodia
2470 2260 2679 2321 classis
2704 2257 2963 2321 deseruit

981 2426 992 2441 .
1045 2360 1256 2431 socios,
1280 2359 1640 2440 domumque
1666 2358 1953 2420 discessit.

1126 2464 1188 2517 4.
1234 2456 1398 2517 Haec
1436 2456 1636 2516 omnia
1674 2457 1881 2536 paucis
1919 2464 2055 2516 ante
2080 2455 2294 2516 diebus
2318 2404 2583 2517 Rhodiae
2608 2456 2963 2538 quinquere-

1047 2554 1160 2613 mis
1198 2554 1504 2635 remigem,
1539 2552 1706 2612 velut
1742 2552 1981 2613 numine
2022 2550 2309 2624 afflatum,
2335 2553 2705 2633 praedixisse,
2732 2552 2811 2613 C.
2841 2552 2962 2614 Co-

1049 2650 1281 2731 ponius,
1319 2650 1421 2730 qui
1461 2651 1518 2709 ei
1563 2650 1741 2709 classi
1778 2658 2049 2730 praeerat,
2086 2649 2263 2709 homo
2296 2668 2433 2710 eum
2470 2649 2675 2730 primis
2708 2650 2963 2730 prudens

1051 2756 1231 2825 atque
1274 2745 1508 2816 doctus,
1551 2747 1741 2807 tribus
1780 2745 1959 2807 facile
1998 2745 2350 2806 doctissimis
2392 2745 2823 2817 Romanorum,
2868 2746 2963 2806 Μ.

801 2872 842 2905 ιι
945 2889 960 2904 .
1049 2842 1275 2914 Tullio,
1331 2842 1427 2903 M.
1483 2842 1727 2914 Catoni,
1784 2842 1877 2903 M.
1930 2832 2208 2904 Terentio
2270 2842 2533 2905 Varroni
2591 2854 2963 2926 exposuerat.

759 3253 893 3308 Plut.
926 3255 1030 3309 Cic.

729 3328 780 3368 et
797 3318 909 3371 Cat.

763 3548 871 3598 Cic.
891 3563 979 3612 pro

727 3612 896 3677 Dejot.
907 3618 1036 3666 0010.

728 3684 781 3725 et
802 3678 864 3727 ad
887 3680 992 3728 Att.

729 3758 810 3793 ιιι.
833 3748 887 3794 4.

763 3823 896 3874 Plut.
928 3825 1034 3877 cie.

731 3896 782 3936 et
803 3888 914 3939 Cat.

766 4214 894 4272 (ἕως.
922 4219 1032 4271 civ.

759 4300 822 4337 11.

1055 2939 1200 3000 Hoc
1235 2941 1323 2999 ita
1357 2939 1436 3000 ab
1461 2942 1592 3021 ipso
1618 2939 1911 3001 Cicerone
1938 2949 2263 3011 narratum,
2290 2961 2406 3001 non
2432 2948 2741 3021 poetarum
2768 2940 2963 3012 modo,

1051 3035 1154 3097 sed
1195 3038 1378 3097 etiam
1413 3035 1764 3098 Graecorum
1790 3036 2047 3108 fabulas,
2074 3037 2178 3116 qui
2205 3038 2487 3098 revixisse
2513 3038 2811 3098 hominem
2842 3046 2906 3099 et
2928 3057 2965 3097 a

1055 3142 1240 3193 morte
1266 3134 1654 3194 vaticinatum
1682 3134 2003 3205 finxerunt,
2032 3134 2336 3195 evidenter
2360 3136 2647 3213 coarguit.

1134 3236 1194 3289 5.
1239 3230 1543 3311 Corcyrae,
1578 3251 1715 3291 cum
1757 3232 1971 3291 iterum
2010 3230 2088 3291 de
2126 3232 2510 3311 pra-sentibus
2546 3240 2702 3292 esset
2736 3229 2966 3293 delibe-

1053 3334 1268 3400 ratum,
1298 3326 1457 3414 Cato
1493 3348 1793 3407 nunquam
1836 3348 1953 3389 non
1987 3330 2307 3389 observans
2343 3328 2564 3409 legum,
2594 3328 2871 3391 Ciceroni
2906 3350 2967 3391 se

1055 3422 1266 3484 cedere
1307 3422 1599 3505 professus
1637 3434 1750 3496 est,
1790 3424 1952 3505 quod
1992 3424 2095 3485 ille
2141 3425 2439 3486 consulari
2472 3426 2764 3505 dignitate
2802 3436 2969 3488 ante-

1058 3521 1204 3582 ibat.
1289 3522 1384 3581 At
1410 3520 1650 3593 Cicero,
1678 3522 1779 3602 qui
1806 3542 2037 3603 semper
2062 3523 2229 3602 pacis
2252 3533 2459 3605 auctor
2477 3522 2693 3595 fuerat,
2713 3532 2776 3585 et
2798 3544 2969 3585 omne

1056 3617 1290 3697 fugerat
1314 3617 1462 3678 belli
1487 3638 1724 3689 munus,
1745 3628 1976 3680 tantum
2004 3620 2083 3679 ab
2110 3618 2457 3701 accipiendo
2480 3621 2728 3702 imperio
2756 3621 2968 3691 abfuit,

1057 3725 1126 3775 ut
1164 3716 1360 3796 potius
1384 3725 1404 3751 ‘
1435 3736 1728 3776 armorum
1771 3736 1886 3776 non
1926 3715 2431 3797 deponendorum,
2456 3718 2565 3777 sed
2605 3718 2971 3800 abjiciendo-

1058 3832 1188 3873 rum
1204 3813 1220 3841 '
1247 3832 1452 3873 suasor
1485 3822 1657 3872 esset.
1744 3811 1846 3872 Ibi
1886 3813 2088 3891 gravis
2116 3833 2255 3873 eum
2289 3815 2532 3895 excepit
2566 3815 2971 3897 Pompeiano-

1059 3928 1188 3971 rum
1229 3907 1580 3988 indignatio,
1621 3899 1944 3989 i'uissetque
1985 3930 2024 3969 a
2070 3909 2261 3971 Cnaeo
2300 3911 2671 3985 interfectus,
2706 3915 2769 3973 ni
2816 3912 2975 3974 Cato

1056 4006 1364 4067 seductum
1411 4006 1711 4087 paulisper
1736 4004 2175 4067 adolescentem
2202 4006 2525 4069 lenivisset.
2611 4008 2715 4070 Ita
2740 4010 2975 4087 navigio

1059 4112 1306 4183 accepto
1335 4100 1723 4162 Brundisium
1748 4112 1975 4174 vectus,
1994 4123 2069 4163 eo
2097 4106 2159 4163 in
2185 4104 2409 4185 oppido
2432 4105 2687 4166 Caesaris
2711 4116 2974 4187 tempora

1061 4198 1442 4279 expectabat.
1554 4197 1795 4259 Interea
1839 4198 1957 4259 loci
2002 4208 2066 4260 et
2110 4198 2193 4259 D.
2238 4200 2485 4274 Laelius,
2526 4204 2630 4293 qui
2674 4203 2973 4283 objectam

1075 4296 1396 4359 Brundisio
1441 4295 1721 4369 insulam,
1766 4317 1947 4378 quam
1988 4306 2167 4360 antea
2212 4298 2365 4363 Libo
2402 4310 2696 4374 tenuerat,
2738 4298 2978 4365 consilio
