3300 5234
705 531 885 600 4954
1679 551 1751 598 τ.
1801 549 1996 600 mvn

1034 693 1518 778 praescriberetur.
1605 693 1683 754 In
1709 715 1784 756 ea
1801 695 2178 756 contentione
2199 701 2324 755 tam
2343 691 2764 756 contumeliose
2783 705 2942 758 trac-

741 791 931 842 Ci⁰·⁸d
1034 793 1188 851 tavit
1226 791 1564 872 primarium
1606 792 1820 865 virum,
1861 801 1930 852 ut
1969 811 2215 872 purgare
2251 812 2315 852 se
2351 791 2648 852 volentem
2673 813 2751 853 ex
2789 793 2941 854 infe-

705 855 816 909 Att.
836 872 899 908 ¹¹⁸
923 860 1007 908 ²⁴⁰
1032 889 1183 948 riore
1208 888 1341 950 loco
1354 891 1599 970 juberet
1622 888 1841 951 dicere.
1911 889 2033 951 Sed
2059 890 2398 970 optimates,
2424 889 2633 952 relicto
2655 911 2941 952 novorum

708 985 906 1037 Suston.
1032 987 1341 1046 consulum
1366 985 1580 1060 officio,
1614 987 1950 1069 frequentes
1989 987 2304 1048 accurrisse
2329 987 2538 1050 videns
2573 987 2650 1048 ad
2673 989 2941 1048 resisten-

920 1120 928 1128 -
1032 1082 1197 1154 dum,
1224 1084 1378 1144 hanc
1414 1084 1656 1166 quidem
1695 1087 1984 1146 actionem
2013 1084 2322 1166 deposuit:
2365 1085 2601 1145 Metelli
2637 1084 2940 1146 turbulen-

738 1175 873 1253 PJ¹¹²=
895 1175 1005 1227 0⁸⁸·
1033 1178 1283 1240 tissimas
1298 1181 1559 1242 actiones
1574 1182 1952 1262 pertinaciter
1975 1182 2154 1263 erepit
2169 1180 2516 1254 defendere,
2539 1181 2757 1242 infimae
2777 1183 2942 1264 plebi

707 1239 839 1292 ΜΨ·
1032 1285 1221 1338 totum
1256 1299 1318 1338 se
1355 1277 1686 1360 applicans,
1727 1299 1863 1360 quae
1903 1299 1994 1338 res
2027 1297 2249 1340 novare
2285 1279 2660 1358 cupientibus
2693 1281 2754 1339 in
2780 1281 2942 1340 omni

1035 1394 1252 1454 magna
1274 1376 1517 1436 civitate
1544 1375 1916 1457 paratissima
1939 1395 2166 1457 semper
2193 1376 2472 1435 materies
2498 1374 2632 1436 fuit.

1114 1477 1172 1531 3.
1218 1471 1415 1550 Igitur
1458 1471 1552 1532 M.
1596 1471 1855 1532 Porcius
1897 1472 2078 1542 Cato,
2122 1473 2364 1532 minime
2405 1471 2556 1532 alias
2589 1472 2852 1552 largitor,
2875 1483 2946 1534 ut

1032 1568 1282 1649 eriperet
1324 1569 1550 1630 homini
1600 1567 1910 1650 populum,
1951 1576 2156 1629 auctor
2201 1567 2472 1650 patribus
2525 1567 2830 1629 dividendi
2879 1570 2942 1628 in

738 1655 781 1706 1'
780 1655 869 1708 lut.
882 1655 1008 1706 0⁸³⁸·
1032 1685 1250 1746 egenos
1273 1666 1433 1726 cives
1456 1665 1732 1726 frumenti
1757 1665 1891 1726 fuit.
1979 1665 2076 1726 Ea
2099 1685 2192 1725 res
2215 1665 2360 1726 licet
2383 1673 2680 1727 constaret
2711 1675 2942 1727 trecen-

704 1729 758 1770 ἐ
778 1721 889 1773 0⁸²⁸
1032 1763 1145 1822 ties
1168 1764 1436 1824 sestertio
1455 1769 1477 1798 ¹
1497 1767 1523 1803 δ
1546 1763 1726 1824 annui
1745 1771 1994 1833 sumtus,
2021 1770 2220 1822 tamen
2240 1761 2500 1843 quietam
2525 1783 2600 1824 eo
2617 1783 2769 1824 anno
2788 1781 2942 1823 rem-

1032 1859 1337 1941 publicam
1364 1881 1402 1922 a
1434 1859 1754 1922 formidata
1778 1860 2035 1920 Caesaris
2061 1868 2317 1940 praetura
2351 1862 2646 1941 praestitit.
2731 1859 2945 1942 Atque

1032 1958 1105 2030 is,
1133 1968 1267 2040 post
1296 1959 1532 2041 aliquot
1564 1959 1996 2042 experimenta,
2023 1978 2159 2018 cum
2191 1957 2382 2018 deseri
2423 1977 2486 2018 se
2513 1979 2552 2018 a
2575 1958 2752 2018 turba
2775 1957 2943 2018 vide-

1034 2064 1145 2128 ret,
1174 2056 1461 2138 reliquum
1496 2058 1872 2136 magistratus
1909 2057 2000 2116 sui
2031 2065 2265 2138 tempus
2303 2055 2566 2116 modeste
2595 2066 2658 2118 et
2689 2056 2946 2117 civiliter

1032 2154 1255 2234 exegit.
1342 2155 1465 2217 Sed
1493 2156 1621 2216 haec
1648 2153 1829 2237 paulo
1855 2163 1990 2236 post
2025 2154 2369 2226 referentur,
2401 2154 2504 2214 ubi
2547 2153 2850 2226 Catilinae,
2883 2163 2947 2214 et

1032 2251 1337 2332 copiarum
1364 2273 1515 2334 quas
1544 2272 1744 2313 secum
1768 2252 2055 2324 habebat,
2081 2252 2310 2311 exitum
2337 2250 2658 2313 tradidero.

739 2336 859 2454 8:⁸52·
882 2337 993 2388 0⁸²·
1082 2393 1089 2401 .
1114 2356 1175 2410 4.
1222 2349 1289 2410 Is
1302 2353 1435 2430 Jam
1458 2372 1538 2411 ex
1565 2349 1724 2410 omni
1750 2369 1994 2410 numero
2019 2349 2344 2422 bominum,
2370 2369 2520 2430 quos
2553 2357 2660 2409 aut
2683 2349 2808 2429 ipse
2834 2346 2944 2408 ad—

705 2417 752 2452 e.
843 2438 858 2453 ⁰
1034 2446 1311 2519 duxerat,
1338 2457 1444 2508 aut
1467 2461 1709 2509 coactos
1736 2456 2033 2528 repererat
2059 2467 2098 2506 a
2141 2447 2400 2518 Manlio,
2433 2444 2663 2506 duabus
2687 2445 2948 2526 expletis

1032 2543 1386 2623 legionibus,
1404 2555 1684 2606 eventum
1708 2544 2080 2605 consiliorum
2115 2564 2349 2603 suorum
2379 2544 2436 2602 in
2466 2543 2636 2604 Urbe
2661 2551 2944 2624 expecta—

980 2672 990 2680 ·
1034 2640 1159 2704 bat.
1246 2641 1375 2702 Ubi
1400 2641 1766 2723 deprehensa
1789 2661 1864 2702 ea
1888 2641 2356 2722 disturbataque,
2384 2650 2446 2700 et
2482 2641 2780 2722 principes
2803 2661 2944 2700 con—

708 2729 827 2846 {2¹¹3
848 2731 965 2846 Sgilg·
1024 2739 1345 2817 jurationis
1362 2739 1652 2821 supplicio
1672 2738 1920 2800 affectos
1937 2737 2171 2810 didicit,
2193 2738 2366 2799 simul
2393 2738 2472 2798 ob
2492 2758 2626 2798 eam
2647 2758 2770 2798 rem
2791 2737 2946 2798 mul-

600 2893 611 2898 -
704 2859 810 2912 121,
822 2861 1009 2926 Obseq.
1036 2835 1112 2894 tis
1136 2834 1571 2907 deficientibus,
1600 2857 1694 2896 res
1717 2855 1854 2895 suas
1881 2835 2149 2915 quotidie
2183 2833 2310 2895 fieri
2349 2835 2787 2905 imbecilliores,
2825 2835 2947 2915 pri-

624 2979 629 2986 ·
742 2973 962 3026 cassiod.
1036 2951 1283 3012 usquam
1310 2933 1737 3014 relinqueretur
1773 2931 1851 2994 ab
1889 2932 2184 3004 omnibus,
2230 2953 2337 3013 per
2372 2941 2599 2993 montes
2631 2931 2847 2992 arduos
2885 2932 2946 2991 in

711 3039 889 3090 chron.
1038 3051 1241 3109 agrum
1269 3031 1692 3092 Pistoriensem
1717 3030 1914 3102 duxit,
1942 3029 2146 3110 fugam
2171 3031 2230 3090 in
2261 3029 2530 3092 Galliam
2553 3039 2716 3091 trans
2749 3029 2949 3112 Alpes

708 3104 957 3220 csspffim·
1037 3129 1305 3192 moliens.

706 3234 903 3286 Sallust.
1120 3233 1181 3288 5.
1227 3225 1375 3298 Sed,
1428 3224 1733 3286 intellecto
1783 3227 1916 3305 ejus
1965 3225 2235 3297 consilio,
2279 3224 2365 3291 Q.
2415 3223 2704 3284 Metellus
2743 3222 2945 3295 Celer,

1035 3323 1242 3408 casu-is
1275 3344 1353 3383 ex
1379 3343 1524 3402 agro
1550 3322 1788 3383 Piceno
1813 3343 2059 3403 propere
2086 3322 2283 3392 motis,
2311 3322 2372 3381 in
2397 3320 2600 3381 radice
2633 3321 2944 3390 montium,

1034 3440 1157 3502 qua
1198 3419 1673 3482 descendendum
1721 3418 2004 3483 Catilinae
2039 3428 2189 3490 erat,
2228 3419 2518 3480 consedit.
2605 3417 2844 3478 Interea
2885 3426 2950 3476 et

1036 3515 1115 3578 C.
1156 3517 1461 3578 Antonius
1488 3501 1686 3588 affuit,
1720 3517 1849 3598 qui,
1885 3537 2022 3577 cum
2059 3536 2275 3596 magno
2299 3515 2566 3574 exercitu
2592 3522 2828 3574 secutus
2853 3512 2946 3573 fu-

1036 3613 1295 3692 gientem
1319 3615 1530 3675 fuerat.
1616 3613 1723 3675 Ibi
1759 3614 2049 3683 Catilina,
2087 3611 2350 3672 locorum
2387 3611 2644 3689 ingenio,
2673 3610 2945 3689 geminis-

1037 3731 1156 3791 que
1190 3713 1447 3773 hostium
1484 3713 1695 3774 castris
1735 3705 2460 3791 clausus,'quamprimum
2501 3707 2710 3766 statuit
2743 3705 2946 3767 decer·-

1038 3825 1198 3880 nere,
1228 3810 1289 3868 in
1328 3809 1664 3871 Antonium
1705 3829 1940 3871 versus:
1977 3825 2318 3890 quanquam
2353 3804 2456 3865 ille
2479 3803 2768 3882 dig-nitate
2797 3823 2946 3885 prae-

712 3900 833 3956 Βίου
1038 3906 1257 3978 stabat,
1300 3908 1740 3998 majoribusque
1778 3916 1842 3968 et
1866 3905 2204 3968 melioribus
2229 3922 2407 3983 quam
2437 3899 2729 3964 Metellus
2761 3901 2949 3980 copiis

792 4045 809 4060 .
874 4037 901 4082 ‘.
940 4027 961 4077 ,-
1020 4013 1169 4098 ‘erat
1171 3992 1529 4107 313st.
1614 4004 1738 4066 Sed
1781 4005 1924 4086 quia
1963 4021 2079 4063 non
2115 3999 2376 4060 alienum
2401 4019 2440 4059 a
2465 3999 2664 4080 pravis
2683 3997 2950 4059 consiliis

1592 4169 1625 4224 '1
1663 4154 1898 4226 Sertei-tii
1917 4169 2042 4223 edd.
2062 4173 2188 4221 ante
2208 4169 2363 4220 Crev-

1818 4301 1850 4320 Ο
1855 4297 2183 4323 emm

700 4427 733 4476 .·
763 4415 889 4471 ‚001
937 4407 1005 4484 5⁸..
1041 4329 1434 4519 sszq„'eg·e⁸
1476 4387 1728 4452 sestertio]
1774 4386 1970 4438 Marcis
2008 4383 2214 4450 argenti
2248 4377 2572 4434 nostratibus
2605 4373 2822 4428 117187.
2853 4389 2946 4428 nn-
