3300 5234
802 565 1013 618 unm
1062 564 1251 617 cvn.
1294 565 1946 619 surrnnmawrun.
2312 551 2490 618 5¹05

340 717 441 774 19.
488 709 613 770 Sed
656 711 1074 792 competitores
1114 713 1249 793 ejus
1288 711 1445 774 trahi
1494 731 1621 774 rem
1679 712 2002 774 volebant:
2047 731 2164 774 non

264 809 449 870 invito
488 807 812 888 Pompeio,
848 818 913 869 et
937 808 1051 869 boc
1086 807 1519 870 dissimulanter
1550 819 1786 889 agente,
1813 819 1900 882 ut,
1938 819 2166 892 pertur-
2189 811 2408 878 Appiam.

262 905 404 966 bato
422 925 619 966 rerum
643 913 825 978 stam,
852 905 1141 967 dictatore
1168 927 1317 988 opus
1339 907 1591 968 haberet
1612 906 1972 988 respublica,
1991 926 2168 988 quem

262 1023 323 1064 se
348 1005 559 1084 utique
584 1001 847 1062 futurum
886 1023 1011 1064 esse
1052 1003 1203 1065 nihil
1228 1003 1579 1065 dubitabat.
1649 1003 1962 1066 Praeterea
1986 1007 2166 1084 grati·-
2189 1026 2377 1076 Ancon.

264 1100 427 1162 ficari
454 1101 736 1182 cupiebat
762 1099 1044 1174 Metello,
1081 1103 1185 1182 qui
1220 1099 1407 1162 filiam
1432 1103 1491 1161 ei
1515 1100 1914 1183 desponderat
1941 1101 2166 1162 Corne-
2188 1091 2498 1158 P¹¹²¹·P⁰¹⁸1’·

264 1199 429 1272 liam,
458 1199 541 1260 P.
565 1198 765 1260 Crassi
792 1198 1055 1271 viduam,
1084 1201 1215 1280 ejus
1240 1199 1415 1280 quem
1442 1199 1664 1260 Parthi
1707 1220 1892 1281 nuper
1927 1199 2166 1261 interfe-

264 1304 489 1357 cerant.
575 1294 813 1356 Idcirco
836 1317 977 1358 cum
1003 1297 1089 1358 A.
1116 1296 1197 1358 D.
1228 1313 1395 1358 1111.
1424 1295 1768 1358 Kalendas⁵
1815 1297 2170 1358 Februarias
2192 1305 2376 1355 Ancon.

263 1393 613 1472 interregem
644 1395 829 1454 creari
857 1395 1037 1454 moris
1072 1403 1247 1466 esset,
1287 1404 1531 1456 auctore
1556 1394 1879 1476 Pompeio,
1919 1393 1992 1454 T.
2023 1393 2168 1455 Mu-

264 1491 466 1550 natius
502 1489 777 1552 Plancus
821 1491 1165 1565 intercessit,
1210 1511 1285 1552 ne
1324 1489 1403 1552 ad
1443 1501 1710 1552 eenatmn
1748 1490 2060 1552 referretur
2089 1491 2168 1552 de

262 1586 525 1666 patriciis
550 1586 969 1661 convocandis,
997 1589 1101 1670 qui
1128 1588 1477 1668 interregem
1503 1588 1841 1670 proderent.

338 1686 443 1743 20.
488 1682 659 1743 Inter
696 1703 799 1744 eas
823 1705 1020 1746 moras
1048 1683 1229 1756 Milo,
1256 1685 1501 1746 moleste
1544 1683 1740 1746 ferens
1785 1704 1824 1744 a
1865 1683 2168 1796 Pompeio
2195 1693 2411 1759 Appias.

264 1799 325 1838 se
351 1776 670 1860 perfidiose
698 1779 845 1852 ludi,
872 1781 1047 1840 simiss
1072 1781 1218 1861 quia
1246 1781 1524 1852 Lanuvii,
1566 1801 1643 1842 ex
1681 1801 1804 1862 quo
1849 1781 2170 1862 municipio
2195 1759 2450 1902 Αεξοοζη

265 1883 412 1947 erat,
438 1873 739 1936 flaminem
765 1896 802 1938 a
826 1875 1117 1938 dictatore
1142 1875 1315 1958 prodi
1336 1887 1475 1938 ante
1499 1885 1730 1938 certum
1755 1877 1917 1938 diem
1937 1885 2170 1958 oporte·
2193 1888 2308 1940 Μὶι
2326 1893 2482 1941 met

265 1972 391 2042 bat,
420 1991 497 2032 eo
536 1971 837 2052 profectus
870 1983 981 2034 est.
1066 1973 1221 2034 Erat
1258 1973 1417 2034 enim
1454 1981 1579 2034 tum
1616 1973 1877 2034 dictator
1919 1972 2172 2034 Lanuvii
2198 1959 2281 2007 ¹⁷·

268 2067 449 2129 Milo.
536 2069 717 2130 Forte
742 2089 853 2152 per
874 2070 1035 2131 idem
1060 2079 1291 2151 tempus
1316 2069 1399 2130 P.
1412 2067 1676 2155 ,Clodius
1702 2069 1932 2130 Ariciae
1957 2068 2170 2131 fuerat.

270 2163 465 2242 Igitur
484 2165 767 2246 postridie
794 2165 1041 2238 factum,
1069 2175 1139 2226 ut
1164 2167 1225 2226 in
1253 2165 1462 2248 Appia
1487 2164 1615 2227 Via
1638 2165 1824 2247 paulo
1859 2164 2019 2227 ultra
2047 2165 2174 2226 Bo·-
2195 2164 2381 2216 Atton-

266 2259 445 2322 villas
470 2262 853 2322 inimicissimi
879 2263 1145 2323 homines
1167 2263 1282 2323 sibi
1308 2271 1714 2323 occurrerent:
1743 2265 2054 2342 exitusque
2075 2262 2174 2322 hic

267 2359 349 2418 rei
374 2357 513 2429 fuit,
542 2367 631 2430 ut,
658 2379 858 2440 pugna
880 2339 1115 2432 oborta,·
1142 2380 1449 2470 percussus
1474 2381 1513 2422 a
1547 2359 1883 2439 gladiatore
1923 2359 2176 2421 Milonis

270 2452 521 2515 Clodius
560 2455 621 2514 in
662 2457 969 2517 tabernam
1009 2459 1340 2539 proximam
1380 2457 1804 2539 deportaretur.
1889 2457 2039 2518 Hoc
2071 2459 2174 2519 ubi
2197 2462 2414 2527 Appias.

268 2553 509 2612 rescivit
535 2551 715 2624 Milo,
756 2552 1124 2613 subeundum
1167 2573 1337 2634 aeque
1365 2552 1660 2614 vulnerati
1697 2553 1954 2614 hominis
1993 2563 2174 2634 atque
2199 2526 2386 2642 2202·

264 2649 447 2709 occisi
476 2647 771 2727 judicium
804 2651 1091 2728 cogitans,
1128 2649 1205 2709 ad
1245 2651 1445 2711 hocin
1473 2669 1706 2711 omnem
1731 2669 1933 2710 casum
1959 2669 2036 2710 ex
2061 2651 2175 2710 ini-

269 2747 409 2806 mici
434 2753 625 2806 morte
648 2746 927 2807 solatium
953 2743 1279 2821 habiturine,
1308 2750 1584 2820 accurrit,
1612 2748 1858 2826 eruique
1891 2745 2172 2808 Clodium

270 2851 449 2924 atque
465 2843 735 2923 jugulari
754 2846 953 2925 jussit.
1038 2843 1187 2906 Hac
1212 2865 1275 2905 re
1301 2839 1561 2926 patrata,
1596 2845 1800 2905 statim
1838 2844 2178 2904 manumisit
2200 2855 2315 2907 Dio.
2319 2855 2500 2907 Ancon.

269 2959 487 3011 servos,
534 2959 609 3000 ne
636 2942 899 3023 praebere
946 2941 1259 3022 quaestioni
1300 2952 1652 3021 cogeretur.
1695 2942 1822 3022 ipse
1865 2942 2172 3022 praemium
2231 2921 2322 2972 0⁸⁰
2295 2935 2450 2984 “¹²¹⁸‘’

270 3035 421 3096 bene
442 3036 689 3110 meritis,
714 3038 843 3098 vita
862 3037 1089 3098 domiui
1116 3036 1383 3110 defensa,
1412 3039 1653 3100 inimico
1678 3036 1938 3110 sublato,
1966 3037 2172 3098 datum
2197 2987 2334 3102 ἒξ]
2343 2989 2427 3036 ²¹
2451 2991 2532 3050 ot·

274 3133 670 3195 asseverabat.

350 3235 454 3289 21.
499 3228 623 3290 Sed
663 3215 923 3290 cadaver
947 3228 1241 3290 interfecti
1266 3229 1583 3311 relictum'
1566 3248 1625 3288 ιιι
1654 3229 1754 3289 via
1781 3227 1926 3291 Sex.
1953 3230 2178 3292 Tedius
2199 3231 2382 3282 Aaou.

272 3333 531 3397 senator,
553 3325 703 3386 sorte
726 3345 857 3386 rure
883 3325 1133 3396 rediens,
1157 3324 1387 3396 lecticae
1406 3345 1529 3385 suae
1558 3327 1854 3408 imposuit,
1884 3326 2177 3388 Romam-

273 3441 385 3501 que
409 3421 849 3503 deportandum
893 3423 1150 3483 curavit.
1232 3421 1404 3482 Ante
1448 3423 1698 3502 primam
1743 3424 1934 3484 noctis
1972 3424 2176 3484 boram

266 3517 587 3598 perlatum,
608 3519 669 3579 in
716 3519 867 3578 atrio
886 3516 1119 3590 domus,
1148 3537 1328 3597 quam
1370 3520 1577 3599 paucis
1602 3529 1742 3580 ante
1767 3519 2064 3580 mensibus
2101 3519 2178 3580 de

274 3613 367 3676 M.
399 3614 629 3676 Scauro
652 3615 825 3675 sitam
852 3615 913 3676 in
940 3613 1191 3675 Palatio
1236 3624 1481 3687 emerat,
1524 3636 1676 3676 uxor
1717 3615 1932 3676 Fulvia
1957 3619 2177 3696 consti-

270 3713 357 3785 tui
371 3703 587 3792 jussit:
632 3711 949 3791 statimque
977 3709 1212 3770 infinita
1246 3710 1585 3782 multitudo,
1626 3731 1928 3772 servorum
1969 3714 2175 3793 praeci-

272 3829 385 3890 pne
410 3817 478 3868 et
500 3807 723 3868 infimae
750 3805 963 3887 plebis,
1004 3807 1105 3867 cui
1132 3808 1331 3885 generi
1374 3815 1613 3888 propter
1638 3827 1896 3868 amorem
1933 3809 2176 3869 seditio·
2203 3793 2417 3860 Appias.

272 3925 411 3964 num
436 3904 772 3965 carissimus
788 3903 889 3964 ille
914 3903 1133 3974 fuerat,
1159 3923 1406 3964 moerens
1425 3901 1751 3983 lugensque
1769 3905 2176 3965 circumstetit.

274 4000 397 4062 Sed
422 4010 489 4062 et
514 4002 723 4080 integri
750 4021 789 4061 a
812 3995 1195 4072 factionibus,
1217 4021 1557 4081 quanquam
1580 3999 1844 4061 odissent
1869 4000 2176 4074 Clodium,
2203 4017 2321 4068 Dio.

272 4099 657 4159 humanitatis
682 4099 920 4170 intuitu,
946 4106 1011 4158 et
1046 4097 1235 4158 effusa
1280 4097 1706 4187 lamentatione
1753 4089 2005 4170 Fulviae,
2048 4099 2177 4160 vul-
2199 4117 2386 4166 Ama.

276 4215 413 4257 nera
428 4195 733 4258 invidiose
758 4197 1132 4268 ostentantis,
1160 4197 1569 4256 movebantur.
1640 4195 1725 4255 Et
1750 4205 1918 4256 erant
1941 4197 2046 4280 qui
2074 4217 2178 4280 per
2203 4213 2320 4265 Dio.

753 4413 783 4458 5
812 4405 886 4456 Δ.
908 4405 978 4457 D.
1002 4417 1088 4456 ιιι.
1114 4403 1231 4454 Kal·
1256 4401 1383 4454 edd.
1400 4409 1525 4453 aute
1550 4403 1705 4453 crev.
