3300 5234
767 540 962 611 &122

803 898 864 949 Pl
871 905 943 951 ut
960 898 1082 949 Dio.

777 962 906 1017 Cas.

777 1289 902 1341 Dio·

812 1356 978 1407 Front.
991 1369 1011 1401 1
1019 1368 1069 1406 v.

781 1426 833 1470 δ.
859 1424 940 1471 11.

783 1484 913 1535 Cos.
929 1482 1066 1533 Plut.

783 1663 914 1715 Cas.

792 2265 926 2315 Plut-

791 2462 912 2513 Dio.
927 2458 1056 2509 Cos·

794 2526 1043 2657 Appium
943 2540 1042 2575 1.an

795 2609 962 2707 Ursin.

799 2944 926 2996 Cas.

1734 560 1803 609 ‘l'-
1852 560 2045 609 blvss

1097 710 1356 763 sererent
1389 720 1534 763 sane
1571 720 1823 784 quorum
1860 702 1921 763 in
1956 704 2185 763 animos
2210 704 2503 785 potentior
2526 702 2805 777 formido,
2830 716 3017 786 qua-

1102 795 1372 861 Romani
1403 800 1655 861 nominis
1690 808 1754 861 et
1776 802 2127 861 sacramenti
2154 802 2437 862 memoria
2460 810 2645 863 esset:
2686 803 2801 863 sibi
2826 803 3023 862 abun-

1103 894 1182 954 de
1220 892 1346 957 fore
1385 897 1436 957 si
1467 897 1710 967 decima
1742 906 2024 977 sequatur
2060 898 2239 977 legio,
2266 898 2343 960 de
2378 920 2503 979 qua
2540 919 2659 961 non
2692 898 3021 971 dubitaret,

1104 1014 1406 1075 quamque
1430 996 1773 1076 praetoriam
1798 1004 1954 1055 esset
1978 996 2283 1057 cohortem
2308 995 2661 1057 habiturus?

1188 1096 1290 1151 30.
1335 1090 1483 1152 Hac
1507 1092 1779 1153 oratione
1804 1090 2056 1153 mirifica
2072 1095 2461 1153 commutatio
2480 1094 2806 1159 animorum
2824 1092 3025 1160 factat

1107 1196 1172 1247 et
1209 1208 1346 1249 cum
1378 1189 1438 1249 in
1467 1188 1683 1269 vulgus
1704 1188 1961 1251 militum
1986 1210 2122 1273 quae
2146 1199 2319 1251 erant
2339 1189 2508 1252 dicta
2532 1210 2571 1253 a
2596 1190 2833 1251 Caesare
2858 1208 3025 1251 ema-

1107 1294 1368 1357 nassent,
1396 1306 1534 1367 pars
1561 1286 1839 1347 laudibus
1863 1287 2233 1368 imperatoris
2258 1286 2572 1349 alacriores
2598 1286 2812 1348 redditi
2848 1294 2988 1347 suut
3002 1304 3025 1347 ι

1107 1384 1292 1444 ceteri
1333 1382 1414 1443 ad
1447 1382 1884 1445 aemulationem
1918 1384 2189 1465 ejusdem
2214 1384 2444 1446 decoris
2470 1385 2719 1447 incitati.
2803 1382 3027 1445 Statim

1110 1488 1173 1541 et
1205 1477 1420 1540 deinde
1462 1468 1618 1561 legio
1656 1502 1762 1566 per
1802 1482 2069 1543 tribunos
2105 1483 2361 1542 militum
2395 1484 2615 1561 gratias
2644 1484 2790 1562 egit,
2816 1491 2835 1518 ⁸
2858 1482 3025 1561 quod

1109 1578 1264 1638 bene
1304 1578 1382 1638 de
1417 1598 1482 1638 se
1513 1578 1847 1657 judicasset
1881 1580 2237 1661 imperator.
2222 1579 2259 1614 ·’
2303 1589 2369 1640 et
2404 1580 2647 1661 reliquae
2685 1578 3031 1643 satisfacere

1110 1675 1533 1747 studueruntst
1557 1696 1751 1755 neque
1788 1677 2089 1739 dubitasse
2126 1697 2412 1757 unquam,
2443 1686 2553 1738 aut
2574 1678 2875 1748 timuisse3
2922 1698 3031 1737 ne-

1111 1792 1232 1852 que
1265 1772 1342 1834 de
1375 1790 1608 1834 summa
1643 1773 1790 1834 belli
1825 1794 2019 1849 suum,
2044 1772 2151 1835 sed
2188 1776 2557 1855 imperatoris
2582 1794 2710 1835 esse
2724 1774 3031 1891 judicium

1113 1869 1587 1931 existimavissess

1197 1972 1298 2026 31.
1345 1964 1448 2027 Ita
1487 1966 1696 2028 Caesar
1734 1968 1966 2040 eodem,
1994 1968 2157 2049 quod
2198 1968 2575 2051 praedixerat,
2602 1978 2865 2050 tempore
2898 1987 3035 2028 casn-

1115 2064 1224 2123 tris
1249 2066 1448 2134 motis,
1474 2084 1607 2124 cum
1636 2065 1805 2126 nullo
1828 2066 1930 2126 die
1961 2066 2074 2126 iter
2100 2066 2527 2136 intermisisset,
2552 2068 2805 2147 septimo
2828 2066 3039 2146 copias

1117 2158 1414 2222 Ariovisti
1433 2181 1549 2221 non
1571 2162 1803 2242 longius
1829 2182 2105 2243 passuum
2130 2171 2385 2243 quatuor
2407 2173 2471 2223 et
2492 2164 2704 2241 viginti
2729 2161 3037 2222 millibus‘

1118 2256 1326 2317 abesse
1370 2258 1687 2319 intellexit.
1753 2258 2129 2320 -Ariovistus
2172 2261 2354 2331 etiam
2398 2258 2580 2321 celeri
2628 2259 2887 2321 Caesaris
2930 2278 3036 2319 ac-

1117 2374 1306 2429 cessu,
1354 2376 1531 2435 quem
1581 2374 1755 2415 suum
1808 2356 2129 2417 adventum
2177 2357 2283 2418 vix
2332 2356 2803 2439 praestolaturum
2848 2366 3037 2439 'puta-

1118 2462 1314 2526 verat,
1357 2453 1624 2537 nonnihil
1670 2465 2001 2515 commotus
2044 2462 2155 2515 est.
2255 2453 2518 2528 Idcirco,
2562 2454 2773 2533 legatis
2818 2454 3039 2527 missis,

1119 2550 1329 2630 ‘quod
1374 2559 1552 2611 antea
1598 2552 1851 2632 petitum
1906 2572 1945 2611 a
1991 2551 2231 2612 Caesare
2274 2550 2643 2631 colloquium
2686 2562 2860 2624 esset,
2904 2553 3046 2630 ejus

1121 2667 1280 2707 nunc
1313 2649 1545 2708 venisse
1583 2648 2113 2728 opportunitatem’
2148 2646 2428 2719 ostendit,
2468 2656 2487 2683 ⁸
2511 2648 2753 2729 propius
2784 2648 2938 2709 inter
2970 2666 3041 2708 se

1119 2745 1467 2823 congressis,
1501 2756 1566 2804 st
1595 2754 1833 2825 remota
1870 2745 2201 2826 suspicione
2236 2743 2525 2826 periculi.’
2606 2744 2931 2819 Convenit,
2969 2756 3045 2807 ut

1124 2842 1186 2901 in
1221 2841 1380 2902 diem
1411 2842 1687 2921 quintum
1724 2829 2223 2922 colloquerentur.

1205 2944 1306 2999 32.
1362 2938 1604 2999 Interea
1663 2958 1799 2999 cum
1850 2939 2009 2999 ultro
2060 2940 2332 3020 citroque
2381 2940 2567 3019 legati
2616 2948 3043 3014 commearent,

1126 3034 1468 3097 Ariovistus
1509 3036 1772 3114 negabat
1808 3054 1873 3094 sa
1914 3046 2226 3096 venturum
2274 3036 2353 3097 ad
2396 3035 2763 3117 colloquium
2802 3055 2953 3109 esse,
2986 3038 3045 3098 si

1125 3131 1360 3213 pedites
1396 3130 1600 3192 Caesar
1634 3129 1999 3192 adduxisset.
2086 3132 2291 3194 Caesar
2326 3132 2488 3215 quod
2522 3152 2717 3215 neque
2752 3132 2883 3194 tolli
2912 3134 3049 3195 col-

1126 3228 1396 3308 loquium
1437 3225 1705 3299 volebat,
1748 3248 1943 3308 neque
1988 3248 2157 3289 suam
2202 3230 2453 3291 salutem
2500 3228 2707 3291 Gallis
2740 3232 3051 3311 equitibus

1128 3324 1396 3398 credere,
1431 3325 1616 3405 jussit
1660 3346 1765 3387 eos
1807 3328 2069 3407 praebere
2123 3328 2413 3389 militibus
2452 3348 2488 3389 e
2532 3326 2765 3408 legione
2806 3328 3051 3391 decima

1129 3440 1341 3503 equos,
1369 3422 1591 3503 quibus
1613 3421 1901 3484 militibus
1924 3444 2105 3503 quam
2132 3426 2393 3486 maxime
2418 3424 2780 3486 confidebat.
2864 3424 3053 3487 Unde

1137 3539 1250 3581 nec
1291 3520 1548 3580 absurde
1582 3520 1829 3602 quidam
1864 3520 2347 3594 decumanorum,
2377 3532 2397 3562 ‘
2426 3523 2562 3604 plus
2594 3510 2777 3604 quam
2811 3521 3049 3604 pollici-

1133 3624 1236 3676 tus
1267 3624 1445 3689 esset,
1473 3615 1670 3677 facere
1703 3617 2033 3679 Gaesarem'
2060 3618 2253 3679 dixit:
2299 3628 2317 3657 ⁶
2347 3618 2677 3701 pollicitum
2703 3620 2763 3680 in
2790 3620 3055 3681 cohortis

1135 3716 1428 3795 pretoria
1469 3714 1604 3776 loco
1643 3714 1936 3776 decimam
1978 3716 2273 3797 legionem
2312 3717 2673 3789 habiturum,
2710 3716 2790 3777 ad
2824 3738 3049 3799 equum

1135 3812 1494 3873 rescribere!
1586 3811 1902 3891 Congressi
1940 3820 2081 3873 suut
2120 3814 2179 3873 in
2218 3814 2537 3895 conspicuo
2574 3814 2829 3885 trimulo,
2865 3834 3051 3893 quem

1017 3930 1027 3940 ·
1135 3914 1344 3987 patens
1387 3906 1653 3989 undique
1695 3907 1971 3990 planities
2014 3910 2302 3972 ambibat.
2386 3910 2709 3990 Equitatus
2748 3910 3053 3991 utrimque

816 4108 934 4159 Dio.

1135 4002 1214 4063 ad
1253 4024 1460 4085 passus
1490 4004 1778 4067 ducentos
1810 4006 2077 4069 abstitit:
2120 4006 2260 4067 dein
2298 4005 2377 4067 ad
2404 4007 2771 4088 colloquium
2798 4007 3053 4069 adducti

1135 4110 1292 4165 siant.
1373 4102 1532 4164 Cum
1575 4102 1781 4165 Caesar
1821 4101 2105 4185 imperare
2149 4104 2469 4185 quidlibet,
2514 4104 2861 4167 Ariovistus
2904 4124 3051 4165 con-

1147 4336 1499 4452 cxmffl
1531 4344 1735 4405 §W
1765 4344 1814 4392 εὖ
1833 4340 2012 4405 viciati
2044 4338 2283 4404 millibus]
2341 4340 2485 4394 Octo
2508 4340 2673 4393 leucis
2697 4338 3045 4394 nostratibus·
