3300 5234
1687 516 1760 566 Τ.
1811 514 1996 565 mvn

1120 664 1223 727 14,
1264 656 1495 723 Contra
1536 658 1666 721 haec
1715 660 1918 723 omnia
1954 658 2144 723 fixum
2192 664 2536 739 ceruumque
2577 654 2952 719 adolescenti

1038 752 1156 817 fuit
1187 758 1409 840 exequi
1450 757 1772 831 destinata,
1813 778 2008 839 neque
2033 754 2290 817 Caesaris
2321 776 2526 817 necem
2573 754 2950 837 impunitam,

714 856 843 909 veu-
859 860 1019 911 u.00·
1042 861 1149 913 aut
1170 874 1234 915 se
1259 854 1319 913 in
1344 855 1567 916 minore
1590 854 1830 917 fortuna
1867 854 1991 937 pati
2015 875 2034 926 3
2080 874 2270 936 neque
2304 854 2696 925 committere,
2723 860 2794 913 ut
2827 872 2952 931 quo

716 1056 837 1117 Dio,
856 1068 985 1108 xrs.

714 1562 931 1631 Arvin-

714 1760 833 1813 Dio.

743 1856 941 1911 Cimad

1043 952 1277 1013 nomine
1302 950 1517 1031 dig-nus
1540 972 1580 1013 a
1606 952 1847 1013 Caesare
1859 952 2172 1033 judicatus
2197 950 2424 1023 fuisset,
2451 970 2526 1011 eo
2549 970 2612 1011 se
2637 947 2952 1028 indignum

1039 1066 1148 1109 suo
1174 1046 1417 1129 judicio
1442 1048 1568 1131 ipse
1592 1048 1896 1111 fateretur.
1979 1046 2312 1110 Consilium
2339 1046 2528 1130 prima
2561 1045 2756 1107 fronte
2795 1044 2950 1105 eali-

1036 1142 1181 1205 dum
1204 1154 1271 1207 et
1308 1144 1532 1219 audax,
1570 1154 1882 1228 postquam
1908 1146 2187 1226 processit
2213 1146 2308 1223 (ut
2332 1144 2410 1203 ab
2435 1151 2652 1205 eventu
2663 1139 2952 1221 judicare

1036 1240 1301 1303 homines
1324 1240 1544 1323 solent)
1573 1263 1681 1325 pro
1707 1241 2160 1324 prudentissimo
2183 1239 2494 1321 vulgatum
2514 1250 2642 1301 est:
2670 1240 2952 1321 visusque

1037 1337 1142 1399 ille
1168 1339 1437 1421 quolibet
1450 1342 1678 1420 juvene
1703 1340 1988 1421 promtius
2024 1348 2362 1420 susceptum
2387 1336 2776 1419 propositum,
2801 1356 2956 1417 quo-

1037 1434 1190 1497 libet
1212 1457 1351 1499 sene
1373 1438 1609 1497 cantius
1631 1457 1759 1499 esse
1785 1444 2094 1499 executus.

1119 1539 1221 1595 15.
1264 1532 1413 1595 Hoc
1444 1542 1641 1595 tamen
1670 1532 1864 1593 Attia
1897 1532 2186 1594 monitum
2219 1551 2337 1593 non
2361 1530 2608 1613 sprevit,
2651 1538 2670 1567 ‘
2689 1538 2762 1590 nt
2795 1529 2954 1590 inter

1038 1630 1211 1697 initis
1232 1638 1589 1713 temperaret
1610 1632 1834 1703 animo,
1863 1650 2056 1712 neque
2077 1637 2292 1703 rueret,
2327 1628 2444 1689 nisi
2479 1628 2656 1689 rebus
2679 1628 2954 1709 paratis!

1038 1726 1279 1791 Idcirco
1301 1728 1363 1789 in
1388 1729 1597 1791 itinere
1616 1726 2012 1789 confluentem
2036 1727 2116 1788 ad
2139 1748 2201 1789 se
2229 1727 2464 1792 turbam
2483 1726 2730 1786 mitibus
2751 1726 2956 1787 verbis

1037 1823 1394 1905 ablegando,
1418 1845 1557 1888 cum
1582 1824 1868 1887 mediocri
1885 1824 2172 1886 comitatu
2197 1823 2447 1885 accessit
2471 1822 2550 1884 ad
2579 1821 2854 1883 Urbem.
2892 1830 2956 1883 et

712 1922 822 1972 Ati.
836 1938 907 1971 xv
910 1927 1021 1975 ,ιι
1039 1932 1245 2035 postea
1268 1942 1505 2005 quoque
1524 1922 1674 1985 nihil
1691 1921 1954 1985 ostendit
1971 1942 2034 1983 se
2059 1922 2274 1983 iratum
2293 1920 2818 2003 percusson'busg‘
2841 1938 2954 1983 nec

716 1988 935 2055 Ans-⁸¹·-

712 2614 843 2667 von.

711 2678 930 2749 Appian-

743 2916 882 2969 Plut-

711 2981 901 3033 Anton.
918 2990 972 3033 et

710 3046 973 3165 Apophth.

711 3304 841 3361 nm·-
862 3322 941 3359 ιν.
960 3308 1011 3359 4.

715 3402 927 3523 Apgnn.

741 4066 943 4116 Sueten.

710 4129 949 4196 Aug.10.

708 4194 803 4243 Pin
808 4204 845 4245 t.

709 4262 895 4337 Anton-

1036 2020 1583 2101 ignorare,1equius
1612 2041 1740 2081 esse
1777 2028 1845 2081 ut
1883 2021 2010 2101 ipse
2035 2018 2195 2101 prior
2220 2018 2300 2079 ad
2325 2017 2686 2089 Antonium,
2715 2015 2952 2077 adoles-

1034 2136 1180 2179 cens
1203 2116 1283 2177 ad
1306 2117 1523 2189 virum,
1550 2117 1816 2197 privatus
1842 2116 1922 2177 ad
1945 2115 2250 2177 consulem
2285 2113 2427 2175 eat.'
2509 2112 2843 2186 Postridie,
2873 2112 2952 2175 C.

1038 2212 1314 2283 Antonio
1362 2222 1613 2295 praetore
1666 2212 1854 2286 adito,
1906 2210 2200 2295 profeoeus
2249 2219 2343 2273 est
2383 2218 2402 2247 ‘
2423 2209 2842 2271 hareditatem
2873 2229 2950 2293 ,se

1040 2309 1298 2371 Caesaris
1326 2310 1515 2387 adire,
1562 2311 1859 2393 suscipere
1893 2308 2156 2383 nomen,'
2197 2308 2376 2390 idque
2419 2306 2675 2369 relatum
2710 2308 2774 2369 in
2811 2313 2950 2369 acta

1036 2407 1310 2489 publiea.

1120 2510 1220 2565 16.
1262 2502 1658 2567 continenter
1689 2502 1908 2565 deinde
1947 2523 1989 2565 a
2031 2498 2162 2564 foro
2201 2501 2463 2585 perrexit
2499 2500 2580 2563 ad
2611 2498 2708 2563 M.
2747 2499 2947 2561 Anto-

1036 2599 1201 2663 nium
1224 2600 1552 2676 consulem,
1578 2602 1641 2663 in
1681 2600 2084 2682 Pompeianos
2107 2598 2347 2661 hortos:
2388 2618 2584 2679 neque
2607 2598 2814 2661 statim
2840 2596 2946 2657 ad-

1036 2696 1270 2772 missus,
1294 2696 1688 2759 dissimulavit
1711 2698 1770 2757 in
1762 2698 1793 2777 j
1801 2698 2011 2769 uriam,
2036 2694 2398 2780 placidoque
2425 2704 2491 2757 et
2512 2694 2798 2755 familiari
2823 2693 2944 2755 col·

1038 2792 1243 2875 loquio
1292 2792 1467 2875 petiit
1512 2792 1808 2855 auxilium
1867 2792 2152 2854 adversus
2207 2812 2578 2875 percussores
2638 2790 2948 2853 avunculi.

1042 2887 1283 2951 Deinde
1306 2898 1371 2950 et
1390 2892 1748 2953 mentionem
1769 2888 2114 2971 interposuit
2131 2888 2210 2949 de
2225 2888 2501 2970 pecunia,
2521 2907 2645 2969 qua
2663 2887 2784 2947 sibi
2802 2906 2948 2969 opus

1036 2984 1115 3045 ad
1142 2985 1345 3066 legata
1362 3007 1442 3047 ex
1460 2995 1812 3047 testamento
1839 2987 2022 3067 patris
2047 2983 2385 3067 praestanda
2401 2994 2572 3045 esset.
2641 2983 2948 3045 Antonius

1036 3082 1153 3144 hac
1186 3084 1449 3145 oratione
1481 3084 1858 3147 vehementer
1893 3084 2174 3155 offensus,
2209 3082 2316 3165 qni
2351 3100 2468 3141 non
2505 3079 2685 3143 modo
2709 3078 2945 3163 deposi-

1036 3186 1163 3241 tum
1190 3200 1229 3241 a
1257 3178 1591 3263 Calpurnia
1624 3178 1843 3239 millies
1871 3180 2201 3239 sestertium
2219 3186 2247 3223 Ρ
2287 3177 2602 3251 retinebat,
2640 3176 2750 3237 aed
2789 3178 2948 3238 insu-

1036 3296 1141 3357 per
1167 3297 1422 3349 omnem,
1452 3298 1589 3358 quae
1612 3276 1810 3339 ubivis
1833 3286 2010 3349 esset,
2035 3274 2446 3338 haereditatem
2480 3274 2792 3337 lacerabat
2827 3274 2946 3335 fur-

1036 3374 1137 3446 tis,
1178 3382 1243 3435 et
1286 3374 1347 3433 in
1390 3374 1708 3455 praesentia
1748 3372 2054 3457 respondit
2094 3372 2324 3447 durius,
2367 3382 2431 3435 et
2467 3380 2680 3455 postea
2705 3393 2952 3455 quoque

1035 3470 1231 3551 legem
1270 3470 1563 3535 curiatam
1606 3470 1688 3533 de
1738 3470 2056 3553 adoptione
2099 3471 2314 3543 ferens,
2355 3470 2628 3531 consulto
2673 3472 2950 3533 extraxit

1034 3569 1334 3647 negotium
1359 3568 1593 3630 cunctis
1618 3568 1884 3630 artibus:
1925 3568 2279 3629 summisioee
2307 3569 2492 3629 etiam
2517 3567 2794 3629 tribunos
2819 3566 2950 3649 ple-

1034 3664 1129 3725 bis
1152 3664 1431 3738 creditus,
1456 3666 1564 3747 qui
1596 3674 1890 3727 vetarent.

1114 3768 1217 3827 1⁷.
1260 3762 1385 3823 His
1408 3763 1706 3824 excitatus
1729 3762 1958 3842 injuriis
1975 3760 2300 3845 adjungere
2319 3762 2432 3823 sibi
2453 3761 2690 3844 plebem
2712 3763 2952 3837 statuit,

1034 3857 1195 3940 apud
1214 3878 1395 3940 quam
1422 3878 1637 3939 magna
1665 3860 1924 3921 Caesaris
1947 3870 2078 3921 erat
2099 3861 2408 3933 memoria,
2435 3879 2716 3939 magnum
2743 3858 2952 3921 odium

1036 3955 1312 4027 Antonii,
1343 3956 1449 4036 qui
1475 3976 1682 4017 necem
1706 3958 1840 4036 ejus
1866 3956 2192 4031 vindicare,
2229 3977 2366 4019 cum
2391 3964 2612 4038 posset,
2641 3956 2952 4020 noluisset.

1035 4050 1232 4133 Igitur
1270 4052 1330 4113 in
1366 4052 1565 4113 locum
1602 4054 1822 4115 Helvii
1858 4053 2070 4116 cinnoe
2104 4054 2474 4116 tribunatum
2507 4050 2950 4115 dissimulanter
3043 4076 3046 4083 ·

1034 4150 1257 4218 ambire
1301 4150 1503 4230 coepit,
1539 4170 1884 4231 quanquam
1924 4150 2230 4232 patricius,
2265 4150 2520 4212 necdum
2559 4159 2844 4213 senator:
2884 4160 2948 4213 et

1032 4267 1138 4329 per
1162 4247 1256 4309 Ti.
1286 4247 1611 4311 Canutium
1644 4249 1949 4312 tribunum
1982 4250 2306 4347 productus
2341 4250 2406 4311 in
2439 4250 2816 4325 concionem,
2849 4271 2942 4313 os-

1106 4454 1135 4491 1’
1166 4446 1349 4501 Miltia
1367 4450 1666 4516 matha]
1701 4449 1913 4505 Marcu
1947 4452 2156 4519 argenti
2179 4458 2446 4507 nostrates
2472 4454 2692 4507 890625.
2729 4452 2876 4505 cres.
