3300 5234
1633 595 1707 643 T.
1756 593 1949 643 mvl!

985 737 1150 802 Hoec
1175 739 1428 810 scilicet,
1451 746 1520 800 ut
1543 737 1804 819 plurimu
1826 738 1997 800 vobis
2020 745 2161 798 ente
2176 745 2323 798 note
2344 745 2714 818 praeteresm,
2740 739 2893 818 praess

983 838 1104 898 mis
1127 838 1465 908 meruimus,
1489 845 1555 896 ut
1580 837 1659 896 ab
1678 837 1771 897 his
1794 857 2080 896 vexemur
2106 843 2285 916 etque
2312 835 2731 916 opprimamur,
2758 836 2891 915 qui·-

983 936 1096 996 bus
1121 944 1320 995 nostro
1346 934 1630 1012 sanguine
1658 934 1821 994 selus
1858 943 2039 1015 atque
2074 935 2357 994 securitas
2382 943 2554 1014 perta
2580 935 2715 993 est?
2756 934 2893 994 An-

983 1032 1132 1092 tonii
1179 1031 1383 1113 praeds
1423 1031 1695 1102 fuissent,
1734 1052 1925 1112 neque
1962 1051 2085 1092 rem
2126 1041 2232 1092 sut
2268 1031 2570 1112 publicam
2597 1041 2704 1091 sut
2724 1051 2891 1091 sun-m

982 1129 1136 1190 tueri
1177 1129 1493 1210 quisquam
1539 1149 1743 1188 eorum
1782 1130 2089 1210 potuisset,
2138 1128 2247 1188 nisi
2283 1149 2394 1206 ego
2436 1128 2541 1188 ille
2582 1147 2727 1208 puer
2763 1127 2895 1204 (sed

985 1226 1172 1286 virum
1199 1225 1520 1304 sentientl)
1562 1227 1677 1284 nisi
1711 1247 1845 1304 ego,
1890 1219 2155 1306 inquam,
2194 1245 2375 1305 quem
2412 1245 2659 1306 puerum
2684 1224 2894 1304 appel-

983 1321 1108 1384 lere
1133 1329 1588 1392 consueverunt,
1624 1322 1799 1383 vobis
1834 1321 2203 1401 adjutoribus
2235 1343 2475 1381 causam
2512 1322 2897 1402 suscepissem

985 1418 1312 1500 publicum,
1337 1429 1400 1478 et
1423 1419 1669 1478 nimium
1695 1418 1951 1478 Antonii
1974 1417 2255 1478 ferocium
2295 1418 2621 1479 Mutinensi
2646 1418 2899 1480 victoris

986 1516 1414 1578 refraenassem.

1067 1620 1168 1674 55.
1213 1623 1232 1650 ‘
1262 1613 1359 1674 At
1383 1613 1472 1673 illi
1503 1611 1855 1695 praeclsrnm
1879 1612 2115 1672 scilieet
2136 1613 2329 1673 vicem
2354 1614 2753 1674 servatoribus
2775 1613 2901 1672 suis

984 1709 1263 1782 reddunt,
1303 1719 1691 1782 contemtum,
1730 1711 2134 1790 ignominiam,
2174 1709 2457 1791 pericula..
2542 1709 2767 1792 Neque
2790 1711 2896 1771 de·

883 1843 890 1850 ·
983 1809 1201 1879 sinent,
1249 1809 1362 1868 nisi
1407 1809 1757 1880 euverimus,
1806 1809 2149 1889 priusquam
2200 1809 2525 1880 universos,
2582 1807 2731 1868 alios
2774 1809 2898 1868 alis

983 1905 1192 1966 fraude
1215 1907 1678 1976 circumventos,
1705 1905 2055 1967 deleverint.
2140 1905 2287 1966 Hoc
2312 1907 2472 1966 enim
2496 1915 2685 1985 agunt
2706 1907 2895 1967 bomi-

983 2023 1089 2063 nes
1113 2003 1509 2085 Pompeianis
1535 2003 1804 2085 pertibus
1828 2003 2053 2074 devoti,
2078 2012 2147 2063 ut
2170 2024 2274 2064 eos
2310 2005 2417 2085 qui
2441 2004 2597 2085 putri
2632 2024 2767 2064 meo
2792 2023 2897 2064 nne·

981 2108 1202 2160 verunt
1238 2120 1504 2182 opernm,
1547 2100 1859 2161 occasione
1894 2109 2225 2182 temporum
2252 2101 2406 2160 inter
2436 2121 2501 2160 se
2532 2103 2897 2172 commissos,

983 2197 1204 2258 mutuis
1226 2197 1570 2258 vulneribus
1593 2195 1935 2259 conficient.
2022 2198 2177 2258 Ideo
2202 2218 2411 2279 nempe
2438 2197 2602 2258 bella
2624 2218 2703 2257 ex
2724 2197 2899 2260 bellis

982 2305 1276 2368 seruntur,
1313 2295 1506 2356 donec
1532 2315 1761 2367 omnes,
1803 2315 1954 2376 quos
1990 2295 2071 2355 ob
2111 2296 2387 2356 militiam
2428 2295 2683 2356 Caessris
2706 2296 2897 2378 perosi

981 2401 1141 2464 sunt,
1173 2392 1356 2454 duces
1393 2392 1734 2472 militesque
1778 2411 2017 2473 prorsus
2058 2392 2407 2452 interierint.
2492 2390 2715 2472 Neque
2738 2394 2896 2453 enim

985 2491 1108 2552 alio
1134 2491 1440 2572 pertinuit,
1467 2489 1630 2570 qnod
1658 2510 1847 2570 nuper
1878 2490 2114 2550 duabus
2154 2490 2487 2568 legionibus
2505 2486 2725 2550 'oblata
2763 2501 2899 2552 sunt

985 2587 1254 2670 praemiu,
1281 2607 1464 2669 quum
1491 2595 1558 2646 ut
1583 2607 1663 2646 ex
1687 2585 1893 2647 dolore
1929 2595 2259 2649 ceterarum
2290 2588 2537 2648 oriretur
2562 2587 2621 2647 in
2649 2588 2765 2649 hoe
2789 2609 2897 2648 ex·-

983 2687 1171 2746 ercitu
1199 2685 1530 2767 perniciose
1553 2684 1863 2746 dissensio.

1064 2789 1168 2846 56.
1213 2793 1230 2820 ‘
1264 2783 1471 2850 Quum
1508 2801 1652 2843 vero
1678 2783 1799 2843 sint
1830 2781 2041 2843 infensi
2067 2781 2325 2842 Caesnris
2348 2783 2580 2855 amicis,
2606 2783 2897 2864 numquid
2930 2801 2943 2812 ·

981 2881 1275 2961 proximis
1298 2881 1512 2941 diebus
1533 2889 1835 2941 ostensum
1868 2881 2004 2940 est?
2044 2900 2181 2941 cum
2219 2882 2297 2940 ab
2333 2879 2606 2942 Antonio
2630 2881 2895 2962 quidem,

980 2978 1090 3038 sed
1113 2999 1189 3038 ex
1229 2979 1494 3060 parentis
1532 2979 1648 3038 mei
1692 2979 2151 3050 commentariis,
2178 2977 2325 3038 dats
2346 2979 2579 3040 cunctis
2600 2979 2899 3061 eriperen-

981 3081 1101 3136 tur.
1190 3075 1372 3136 Unde
1407 3084 1472 3136 et
1512 3076 1686 3136 vobis
1724 3075 1925 3136 facilis
1968 3095 2093 3135 esse
2126 3077 2477 3156 conjectura
2520 3085 2736 3158 potest,
2762 3094 2899 3158 quae

982 3181 1181 3235 vestra
1203 3174 1284 3234 sit
1309 3173 1510 3234 future
1533 3173 1822 3244 conditio,
1851 3173 1954 3254 qui
1979 3193 2172 3252 egros,
2198 3173 2302 3254 qui
2329 3175 2612 3254 pecunias
2636 3175 2900 3255 accepis-

982 3271 1060 3331 tis
1087 3290 1124 3331 s
1167 3268 1432 3343 Caesare,
1457 3271 1751 3352 siqnidem
1790 3271 1853 3332 hi
1876 3269 2304 3352 rempublicam
2329 3271 2719 3341 obtinebunt;
2763 3289 2898 3352 quae

983 3389 1125 3429 vero
1153 3388 1308 3441 mes,
1335 3369 1478 3428 dum
1505 3370 1838 3450 reg-nabunt
1852 3373 1915 3431 in
1939 3379 2147 3432 senatu
2170 3391 2535 3452 percussores
2558 3373 2743 3453 putris
2761 3373 2896 3433 mei.

985 3463 1110 3526 Sed
1125 3465 1270 3526 mihi
1290 3465 1532 3547 quidem
1558 3487 1719 3526 curae
1745 3468 1881 3538 erit,
1912 3476 1982 3527 ut
2006 3487 2201 3550 neque
2225 3469 2353 3529 vita
2376 3469 2521 3529 mihi
2540 3468 2900 3530 incustodita

983 3563 1081 3634 sit,
1109 3583 1303 3643 neque
1339 3583 1498 3624 mors
1523 3562 1824 3624 indecora.
1908 3563 2117 3625 Vestri
2142 3586 2238 3625 me
2274 3567 2535 3638 miseret,
2560 3567 2779 3647 quibus
2802 3587 2901 3626 ne·

983 3681 1084 3720 mo
1105 3661 1495 3742 relinquetur,
1517 3682 1555 3720 s
1580 3682 1702 3743 quo
1725 3663 1971 3742 speretis
1992 3682 2188 3744 operae
2204 3663 2358 3744 putri
2384 3664 2645 3746 mihique
2666 3675 2901 3726 navatae

981 3757 1260 3838 pretinm.
1346 3757 1514 3818 Nam
1542 3777 1638 3818 me
1660 3757 1901 3838 quidem
1938 3759 2017 3818 sb
2055 3761 2378 3820 ambitione
2408 3761 2643 3840 long-ius
2668 3763 2899 3834 abesse,

983 3874 1166 3936 quem
1186 3854 1327 3914 huic
1350 3855 1515 3914 aetati
1542 3855 1709 3915 credi
1738 3856 2043 3936 potuisset,
2070 3857 2182 3938 ipsi
2208 3859 2601 3939 comperistis,
2628 3879 2767 3920 cum
2790 3861 2900 3920 ob·
3004 3889 3015 3902 ·

984 3949 1172 4010 letum
1215 3971 1252 4010 s
1279 3951 1450 4011 vobis
1479 3952 1791 4033 imperium
1828 3953 2033 4014 sbnui.
2118 3952 2307 4015 Nune
2341 3955 2465 4016 sliu
2502 3955 2768 4018 conditio
2810 3967 2903 4018 est

982 4057 1349 4128 temporum:
1409 4067 1604 4130 neque
1649 4069 1759 4130 pro
1805 4050 1996 4121 vobis,
2036 4071 2229 4132 neque
2271 4050 2350 4112 nd
2395 4053 2677 4114 ultionem
2722 4054 2905 4136 patris

984 4145 1307 4225 quiequam
1336 4143 1667 4224 profecero,
1694 4145 1884 4207 donec
1917 4169 2020 4208 ero
2046 4150 2330 4228 privatus.

1065 4245 1166 4303 57.
1209 4249 1226 4276 ‘
1261 4239 1359 4299 Es
1375 4261 1468 4302 me
1493 4260 1679 4303 cause.
1702 4243 2075 4304 consulatum
2106 4253 2307 4327 petere
2332 4246 2569 4326 coegit:
2614 4255 2795 4332 utque
2822 4247 2896 4318 is,

983 4336 1237 4398 eandem
1262 4337 1344 4396 ob
1366 4357 1633 4410 eausam,
1660 4348 1909 4420 neg-stur
1932 4341 2013 4401 ab
2038 4342 2131 4403 his
2169 4363 2418 4424 quorum
2444 4345 2687 4406 interest
2712 4345 2898 4406 nemi-

987 4453 1120 4495 nem
1145 4453 1270 4495 esse
1295 4444 1402 4496 nut
1423 4445 1752 4498 vestrarum
1788 4439 2117 4503 utilitatum
2144 4451 2607 4524 procuratorem,
2630 4453 2735 4504 sut
2758 4442 2899 4503 Οε-
