3300 5234
753 501 932 571 5186
985 566 990 573 .

1732 522 1806 574 'l'-
1851 522 2041 573 mvn

1079 667 1250 729 esae!
1315 666 1536 729 Verior
1557 676 1757 729 tamen
1782 688 1967 730 causa
1988 675 2139 739 erat,
2170 664 2427 728 militum
2449 664 2747 748 cupiditas
2770 676 2835 728 et
2856 668 2967 736 iras

1079 762 1246 845 quod
1271 764 1489 846 praedoe
1514 784 1634 830 suae
1658 776 1877 827 cuneta
1898 784 2137 827 cessura
2158 774 2459 846 sperantes
2480 772 2617 846 post
2646 764 2973 836 victoriam,

1081 862 1162 921 ab
1188 862 1348 923 omni
1391 862 1608 944 injuria
1629 870 1961 945 temperare
1985 862 2373 941 cogebantur.
2457 858 2653 921 Simul
2686 882 2765 923 ea
2785 862 2971 943 ophi-

1079 977 1195 1019 one
1233 958 1519 1021 ferociam
1561 961 1880 1039 augebant,
1930 958 2112 1042 quod,
2152 968 2379 1021 armato
2420 958 2617 1020 adhuc
2660 958 2971 1041 Pompeio,

787 1064 974 1117 Lucan.
1009 1074 1064 1117 et
1079 1078 1204 1119 suae
1227 1058 1358 1139 opis
1373 1077 1548 1137 egere
1571 1056 1875 1119 Caesarem
1904 1058 2361 1119 arbitrabantur.
2443 1056 2541 1117 At
2564 1056 2691 1129 ille,
2728 1055 2975 1117 insulem

757 1130 962 1183 Sueton-

789 1259 1010 1311 Frontin-

756 1342 797 1375 ι.
813 1328 864 1377 9.

1079 1156 1238 1235 cogi,
1272 1174 1618 1237 semperque
1660 1155 1721 1216 in
1758 1156 2037 1217 maximis
2060 1154 2339 1236 periculis
2361 1154 2689 1215 maximum
2716 1155 2975 1215 animum

1079 1254 1300 1315 habere
1329 1264 1551 1326 suetus,
1585 1255 1827 1315 minime
1864 1255 2040 1316 cessit
2062 1253 2597 1345 tumultuantibus:
2640 1270 2975 1333 quanquam

1079 1370 1156 1411 eo
1169 1350 1304 1429 jam
1327 1360 1482 1411 esset
1507 1360 1790 1433 provecta
1812 1350 2047 1421 seditio,
2076 1351 2225 1411 utin
2255 1350 2577 1432 perniciem
2609 1348 2978 1431 imperatoris

1000 1472 1006 1477 ·
1079 1456 1364 1529 eruptura
1387 1448 1709 1510 videretur.

787 1536 906 1589 Dio.

753 1602 970 1671 Appiam.

746 3212 932 3265 Lucan.

1160 1550 1264 1606 42.
1307 1542 1578 1606 Vocatos
1611 1546 1793 1625 igitur
1824 1543 1885 1603 in
1918 1541 2265 1605 concionem
2300 1541 2537 1615 milites,
2570 1544 2735 1621 (nam
2766 1542 2975 1604 andito

1078 1642 1194 1703 hoc
1237 1652 1402 1703 motu
1456 1642 1727 1703 celeriter
1768 1642 2047 1703 Massilia
2082 1640 2519 1719 advolaverat)
2560 1641 2729 1701 simul
2766 1640 2979 1705 adesse

1069 1738 1252 1817 jussis
1269 1759 1419 1820 quos
1443 1740 1568 1821 ipse
1587 1738 1944 1811 adduxerat,
1966 1737 2221 1820 presidii
2238 1758 2443 1808 causa,
2462 1746 2526 1799 et
2546 1747 2615 1800 nt
2638 1738 2832 1821 plures
2850 1736 2975 1800 dis-

1077 1845 1300 1909 cerent,
1327 1857 1506 1918 quam
1542 1838 1849 1897 immotum
1888 1835 2170 1897 adversus
2192 1834 2483 1919 ejusmodi
2516 1844 2762 1897 terrores
2786 1835 2975 1919 impe-

1077 1942 1330 1994 ratorem
1354 1936 1663 2007 haberent,
1685 1936 1771 1995 ita
1793 1932 2174 1996 circumfusos
2194 1932 2409 1994 effatus
2424 1942 2550 1995 est:
2580 1942 2599 1971 ‘
2614 1933 2769 2002 Quis
2784 1954 2977 1996 novus

1077 2030 1176 2091 hic
1223 2032 1461 2092 incessit
1505 2032 1719 2092 animis
1760 2032 1971 2093 vestris
2018 2030 2199 2102 furor,
2246 2039 2318 2091 ut
2356 2030 2629 2091 omnibus
2670 2030 2759 2091 his
2796 2030 2977 2092 bellis

1076 2126 1385 2208 tranquilli
1409 2136 1472 2189 et
1493 2128 1908 2209 obsequentes,
1927 2128 2041 2187 hoc
2066 2128 2325 2189 maxime
2349 2134 2613 2209 tempore
2626 2126 2977 2189 seditionem

1077 2226 1352 2305 captetis,
1380 2244 1502 2306 quo
1539 2246 1673 2305 ego,
1710 2223 1829 2285 fine
1858 2226 1994 2306 jam
2034 2226 2287 2285 instante
2330 2223 2573 2297 laboris,
2599 2224 2673 2287 de
2714 2226 2979 2306 prmmiis

1076 2322 1291 2383 vestris
1328 2322 1711 2384 attentissime
1752 2322 2133 2401 cogitabam?
2214 2321 2375 2389 Quae
2406 2340 2515 2385 vos
2544 2322 2743 2383 omnia
2764 2342 2974 2383 reeor-

1073 2418 1316 2483 disa‘ma
1362 2420 1617 2481 audacia
1665 2419 2070 2500 corrumpitis:
2113 2420 2311 2499 priora
2358 2420 2569 2480 merita
2609 2418 2973 2481 obliteratis:

1075 2537 1192 2589 me,
1219 2538 1398 2599 quem
1435 2538 1668 2600 semper
1708 2518 1886 2579 vestri
1931 2516 2371 2597 cupidissimum
2416 2518 2559 2579 estis
2594 2516 2847 2599 experti,
2888 2537 2971 2579 ex

1076 2615 1428 2697 imperatore
1454 2624 1649 2677 vestro
1676 2615 1978 2676 inimicum
2005 2623 2187 2695 atque
2211 2614 2439 2675 hostem
2466 2614 2791 2695 redegistis.

1153 2719 1256 2774 43.
1300 2722 1318 2749 ‘
1349 2710 1456 2773 An
1491 2713 1653 2773 enim
1678 2710 1927 2773 stolidas
1952 2709 2087 2771 illas
2106 2711 2321 2783 minas,
2348 2721 2412 2771 et
2432 2713 2771 2773 temerarias
2794 2730 2978 2774 voces

1072 2818 1317 2880 vestras,
1363 2818 1582 2871 terrore
1624 2809 1843 2890 potius,
1879 2829 2060 2888 quam
2104 2809 2191 2869 ira
2236 2818 2443 2890 pectus
2486 2808 2601 2871 hoc
2644 2809 2979 2892 repleturas

1073 2906 1426 2988 putavistis?
1509 2904 1759 2968 Scilicet
1782 2908 1887 2987 qui
1911 2906 2293 2967 barbarorum
2330 2906 2723 2969 ferocissimos
2745 2907 2973 2982 domui,

1070 3003 1295 3065 civium
1321 3004 1755 3084 potentissimos
1792 3005 1962 3083 coegi
2004 3002 2065 3063 in
2105 3004 2395 3076 ordinem,
2422 3026 2543 3067 non
2582 3006 2754 3067 timui
2780 3005 2973 3067 Pom-

1073 3100 1261 3182 peios,
1285 3121 1404 3162 non
1428 3102 1600 3162 timui
1627 3100 1959 3183 Scipiones,
2002 3102 2253 3163 militum
2288 3122 2551 3163 meorum
2572 3123 2774 3176 voces,
2813 3103 2973 3165 mili-

1071 3206 1199 3259 tum
1225 3218 1486 3260 meorum
1511 3218 1721 3259 manus
1742 3200 2019 3259 timeam!
2106 3200 2202 3259 En
2243 3199 2451 3261 adsum
2484 3199 2562 3262 C.
2590 3200 2819 3273 Caesar,
2862 3222 2973 3263 nu·

1073 3294 1336 3376 dumque
1370 3306 1575 3378 pectus
1599 3306 1661 3358 et
1687 3307 1961 3379 paratum
2004 3299 2361 3378 percussuris
2398 3298 2605 3361 offero.
2686 3298 2974 3380 Peragite

1070 3394 1287 3467 scelus,
1313 3405 1375 3456 et
1397 3398 1571 3477 cujus
1595 3406 1733 3457 ante
1759 3397 1915 3457 hanc
1938 3395 2231 3457 fortunam
2272 3398 2518 3478 imperio
2539 3416 2769 3481 semper
2792 3418 2973 3480 paru-

1071 3492 1222 3565 istis,
1249 3513 1406 3555 nunc
1447 3494 1709 3555 omnium
1736 3494 1855 3554 late
1881 3494 2186 3566 victorem,
2212 3494 2263 3555 si
2287 3495 2544 3568 audetis,
2568 3497 2969 3557 contemnite!

1074 3588 1260 3656 Quod
1283 3589 1333 3650 si
1360 3610 1520 3665 vero,
1543 3592 1632 3651 uti
1656 3612 1747 3651 res
1771 3590 1970 3664 docet,
1996 3600 2227 3653 tantum
2254 3593 2580 3654 animorum
2604 3614 2723 3654 non
2748 3602 2861 3667 est,
2902 3602 2974 3654 ut

1069 3685 1171 3747 vel
1221 3696 1598 3769 conspectum
1645 3708 1841 3749 meum
1880 3687 2033 3750 ferre
2075 3691 2344 3771 possitis:
2388 3700 2614 3771 quanto
2656 3691 2974 3755 intervallo

776 3791 975 3842 Sueton-
1069 3804 1264 3846 meam
1297 3796 1671 3868 vestramque
1704 3785 2101 3849 conditionem
2138 3787 2269 3848 fata
2291 3787 2699 3861 discreverint,
2738 3788 2971 3851 discite.

741 3856 866 3909 Ino:
879 3856 1046 3909 Front-

645 3957 656 3969 .
739 3922 959 3997 Appian-

741 3986 861 4040 Dio.

1073 3880 1422 3944 Mis-ionem
1447 3884 1783 3965 postulatis,
1811 3892 2094 3965 tanquam
2120 3904 2321 3947 carere
2358 3887 2531 3948 vobis
2565 3888 2681 3949 hoc
2706 3894 2972 3968 tempore

1067 3998 1380 4061 nequeam.
1465 3982 1627 4042 Ecce
1672 3992 1871 4043 autem
1910 3982 1991 4043 do
2018 3982 2179 4062 quod
2208 3984 2431 4065 petitis,
2456 4004 2678 4065 vosque
2717 4005 2758 4046 a
2788 3984 2973 4064 sig-nis

1067 4078 1214 4137 meis
1247 4077 1548 4139 discedere
1580 4080 1791 4159 jubeo.
1874 4080 1980 4139 An
2024 4082 2181 4141 enim
2214 4080 2591 4154 existimatis,
2630 4082 2681 4143 si
2722 4101 2761 4141 a
2796 4082 2973 4143 vobis

1071 4172 1327 4246 deseror,
1353 4174 1658 4236 defuturas
1691 4176 1838 4237 mihi
1864 4196 2091 4249 manus,
2128 4178 2343 4258 quibus
2366 4198 2589 4261 paucas
2626 4180 2735 4241 has
2776 4179 2971 4241 bello·

1067 4290 1197 4332 rum
1223 4271 1502 4352 reliquias
1525 4272 1879 4354 profligem?
1942 4274 2149 4337 Bonus
2174 4284 2237 4337 et
2259 4273 2409 4337 felix
2436 4277 2757 4358 imperator
2774 4278 2972 4341 ubivis

1066 4370 1282 4450 reperit
1306 4370 1556 4439 militen
1599 4379 1685 4443 et,
1711 4373 1762 4433 si
1786 4371 1941 4433 nulli
1966 4394 2211 4455 usquam
2240 4384 2457 4447 efflent,
2484 4374 2841 4437 abducerem
2870 4376 2967 4439 vel

1070 4486 1148 4527 ex
1175 4467 1427 4528 hostium
1456 4470 1684 4530 castris.
