3300 5234
858 537 1067 588 Lisai
1114 535 1279 588 cm.
1326 537 1972 590 sursnsunsruu.
2361 519 2538 588 5009

312 682 626 742 bonensem
651 701 785 762 quae
810 701 850 741 a
873 680 1179 742 Rhodano
1217 679 1458 742 flumine
1496 703 1680 763 usque
1715 682 1795 742 ad
1820 680 2055 743 Varum
2079 701 2212 742 ver-

308 801 405 840 sus
426 789 621 840 ortum
648 779 984 860 porrigitur,
1012 799 1051 839 a
1084 780 1329 844 meridie
1346 801 1516 866 ,mare
1545 779 1852 841 Gallicum
1878 779 2083 851 habet,
2111 780 2214 840 cui

308 876 655 957 metropolis
670 875 815 936 olim
843 874 1097 937 Arelate
1120 875 1257 948 fuit,
1284 897 1440 937 nunc
1468 875 1840 957 Aquensium
1865 885 1956 936 est
1977 876 2212 949 civitas,

306 992 411 1033 sex
452 981 744 1054 praeterea
774 973 1050 1035 civitates
1092 973 1503 1045 honestabant,
1547 971 1936 1055 Aptansium‚
1984 971 2212 1034 Reien-

306 1069 480 1141 sium,
502 1069 1022 1151 ForoJuliensium,
1047 1067 1541 1152 Vapincensium,
1574 1069 2046 1150 Segesterorum,
2082 1069 2211 1132 Au-

308 1165 653 1248 tipolitana.

386 1270 535 1324 148.
578 1261 745 1323 Haec
766 1260 951 1323 ferme
976 1261 1091 1322 fuit
1115 1259 1477 1335 Galliarum,
1514 1263 1624 1322 sub
1659 1261 1832 1323 initia
1866 1259 2211 1324 Constanti-

310 1359 639 1441 nopolitani
658 1359 911 1440 imperii,
926 1359 1243 1441 descriptio
1266 1378 1281 1419 :
1314 1359 1418 1420 sed
1444 1359 1603 1421 idem
1618 1359 1766 1419 situs
1781 1360 2065 1439 gentium,
2088 1357 2214 1441 ple-

310 1447 623 1537 rarumque
650 1455 961 1517 civitatum
1002 1456 1213 1516 eadem
1238 1455 1413 1516 fuisse
1440 1457 1682 1517 nomina
1709 1454 1948 1516 Caesare
1987 1455 2216 1515 bellum

308 1561 549 1633 gerente
573 1550 879 1613 videntur:
921 1571 1262 1633 quanquam
1288 1553 1550 1632 gentium
1568 1572 1863 1626 numerus,
1887 1561 1953 1614 ut
1977 1551 2217 1613 solitum

309 1660 419 1723 est,
464 1658 785 1722 cresceret,
825 1657 932 1710 aut
962 1652 1449 1726 contraheretur..
1516 1647 1688 1710 Nam
1729 1670 1836 1711 ara
1873 1671 2009 1731 quae
2055 1649 2216 1733 apud
2245 1625 2444 1756 Ρεῗζξ
2475 1637 2555 1677 ¹¹⁷·

312 1745 673 1828 Lugdunum
718 1746 983 1826 Augusti
1024 1745 1283 1808 Caesaris
1332 1745 1470 1817 fuit,
1522 1746 1965 1828 inscriptionem
2005 1747 2220 1808 babuit

310 1844 577 1922 gentium
598 1845 953 1924 sexaginta:
994 1864 1105 1904 nec
1118 1843 1319 1904 multis
1342 1852 1477 1924 post
1494 1844 1664 1904 annis
1685 1845 1972 1906 universae
1993 1843 2220 1905 Galliae
2278 1857 2410 1907 Serv.
2423 1855 2548 1912 AEn.

312 1949 572 2020 quatuor
594 1949 659 2002 et
679 1941 995 2020 sexaginta
1026 1941 1334 2002 civitates*
1374 1941 1848 2003 numerabantur.
1931 1939 2052 2002 Sed
2081 1939 2218 2023 Ap-
2247 1925 2478 2036 ”Amm

312 2037 579 2118 pianum,
624 2038 732 2118 qui
770 2037 883 2099 sub
923 2037 1203 2101 Adriano
1249 2035 1485 2098 Caesare
1524 2037 1779 2119 scripsit,
1807 2047 2052 2118 pacatos
2077 2057 2118 2098 a
2143 2037 2218 2098 C.
2247 2001 2448 2100 caii-pet
2463 2019 2528 2100 do

312 2132 481 2194 Julio
502 2133 759 2215 populos
781 2133 1266 2215 quadringentos,
1286 2133 1509 2217 oppida
1521 2135 1885 2214 octingenta,
1911 2133 2220 2196 tradidisse
2247 2113 2310 2166 B·
2321 2115 2445 2230 gig·
2462 2131 2528 2164 ¹¹·

314 2239 555 2310 putant.
640 2231 801 2291 Mihi
827 2251 1199 2293 numerorum
1234 2234 1431 2314 potius
1465 2252 1718 2294 errorem
1741 2233 2122 2295 intervenisse
2147 2232 2222 2293 li-
2247 2195 2300 2246 p.
2423 2213 2439 2230 ⁰

316 2335 481 2406 quet,
508 2337 583 2388 ut
614 2348 723 2410 pro
748 2331 794 2390 ν’
822 2337 928 2389 aut
948 2331 994 2390 o'
1035 2328 1384 2391 Graecorum
1418 2329 1615 2402 litera,
1640 2350 1890 2411 quarum
1914 2329 2026 2391 illa
2049 2329 2224 2412 quin-

316 2425 628 2505 quaginta,
654 2426 787 2486 haec
808 2425 1188 2508 septuaginta
1225 2434 1416 2500 notat,
1460 2426 1529 2507 ρ’,
1554 2445 1691 2508 quae
1716 2433 1808 2488 est
1831 2425 2223 2508 quadringen-

314 2533 514 2584 torum
536 2529 704 2595 nota,
744 2531 965 2583 temere
1002 2522 1225 2604 scripta
1266 2521 1497 2585 lectave
1526 2521 1837 2584 videatur:
1877 2521 2058 2603 idque
2097 2531 2226 2584 tum

316 2641 399 2684 ex
435 2639 727 2682 consensu
766 2627 1058 2693 veterum,
1100 2628 1231 2681 tum
1276 2619 1515 2700 adjecto
1559 2639 1804 2681 numero
1851 2619 2226 2703 oppidorum,

320 2737 459 2799 qun
492 2725 681 2779 tantoe
720 2717 985 2797 gentium
1024 2715 1392 2778 multitudini
1434 2737 1543 2799 pro
1578 2715 1848 2798 portione
1883 2736 2092 2798 parum
2133 2737 2226 2776 re·

320 2813 599 2896 spondet,
622 2813 785 2874 haud
811 2811 1053 2876 difficile
1078 2814 1365 2876 arbitratu
1402 2821 1511 2874 est.
1568 2812 1852 2874 Ceterum
1875 2819 2100 2873 nactus
2122 2810 2229 2872 ille

322 2921 636 2986 terrarum,
660 2911 773 2972 soli
814 2912 1105 2985 bonitate,
1149 2920 1215 2972 et
1252 2909 1581 2974 incolarum
1620 2908 2012 2981 abundantia,
2037 2908 2228 2970 maxi-
2285 2907 2555 2962 Suet-(3⁸⁸-

322 3028 561 3070 marum
593 3029 773 3090 opum
798 3008 1045 3082 famam,
1069 3029 1182 3071 uec
1202 3007 1381 3080 falso,
1407 3007 1682 3090 adeptus,
1717 3007 1996 3104 invitavit
2029 3006 2234 3067 Gaesa-
2252 2977 2524 3090 {5⁸2⁴ss

326 3127 477 3180 rem,
500 3115 575 3168 ut
594 3108 751 3168 hanc
788 3127 993 3179 unam,
1032 3125 1159 3189 prm
1198 3106 1408 3168 ceteris
1448 3105 1723 3166 omnibus
1761 3103 2097 3186 provinciis,
2123 3124 2230 3165 suo
2256 3119 2338 3155 1¹·
2353 3107 2441 3156 ²⁸·

330 3205 633 3287 proposito
688 3201 1222 3265 commodissimam
1274 3203 1559 3264 crederet.
1640 3201 1814 3264 Nam
1869 3201 2098 3263 divitiis
2151 3201 2232 3265 ad

328 3301 647 3362 emendum
670 3301 981 3382 imperium
1008 3299 1347 3380 indigebat:
1390 3298 1639 3360 militem
1661 3298 1978 3360 duraturus
2001 3307 2130 3359 erat
2154 3298 2232 3359 ad

328 3396 540 3459 civilia
560 3396 757 3467 bella:
797 3395 1023 3458 famam
1044 3404 1439 3477 reportaturus
1456 3415 1536 3456 ex
1550 3395 1800 3456 victoria
1821 3389 2232 3469 clarissimam,
2322 3462 2326 3476 Ι

328 3493 727 3577 periculisque
766 3501 832 3554 et
871 3492 1175 3554 laboribus
1216 3491 1598 3573 amplioremz
1667 3489 1832 3573 quod
1869 3500 1998 3553 tum
2039 3489 2238 3552 adhuc

329 3593 595 3654 durabat
615 3589 875 3652 Gallicae
897 3589 1259 3652 fortitudinis
1288 3589 1513 3673 opinio,
1546 3589 1734 3651 virtus
1774 3587 2062 3670 paulatim
2086 3584 2238 3648 defi·
2275 3601 2560 3721 rag-Germ.

332 3691 559 3754 ciebat.
2261 3683 2306 3719 ⁰·

398 3873 429 3910 δ
462 3873 685 3930 Quum
710 3875 763 3921 et
792 3868 1053 3948 equ-ginta
1082 3869 1253 3921 civito·
1323 3882 1475 3948 quem
1498 3869 1553 3920 iu
1574 3883 1669 3921 ora
1686 3867 1812 3944 libri
1830 3867 2144 3946 allegamus..
2161 3865 2236 3920 A·

326 3941 431 4005 tes]
446 3937 623 4002 Hujus
642 3949 841 3986 numen
862 3949 961 3986 non
974 3935 1127 3985 alium
1150 3941 1252 3987 tes·
1322 3936 1442 3984 lium
1487 3935 1718 3999 aliquem
1760 3931 1973 3984 videtur
2013 3933 2236 3986 intuitus

330 4014 445 4058 tem
484 4003 745 4068 novimus,
794 4015 946 4068 quam
998 3999 1254 4064 Servium,
1319 4012 1435 4052 esne
1459 3998 1862 4052 Freinshemius.
1899 3999 2042 4051 cm.
