3300 5234
754 586 929 652 ⁵052
1711 607 1781 657 r.
1832 607 2028 656 mvn

1076 745 1309 808 illorum
1350 767 1559 828 agmen
1600 746 1952 829 diffugisset,
1980 751 2195 810 timens
2237 745 2539 810 Domitius
2563 765 2718 826 aegre
2741 745 2983 806 domum

1074 845 1251 906 rediit
1276 866 1293 916 ς
1338 846 1670 928 Pompeius
1715 845 2102 926 Crmusque,
2148 855 2512 926 repugnante
2553 846 2684 924 jam
2729 843 2984 915 nemine,

1072 940 1244 1003 facti.

782 1046 889 1097 Cic.
910 1062 997 1112 pro
1152 1047 1213 1101 8.
1257 1040 1429 1101 Inter
1451 1042 1582 1101 haec
1610 1039 1682 1101 L.
1711 1040 1864 1101 Piso
1899 1039 2346 1113 Macedoniam,
2373 1039 2461 1100 A.
2491 1039 2790 1101 Gabinius
2814 1035 2983 1118 Syri-

746 1112 980 1228 22¹ssfgt·
1072 1157 1169 1198 am
1208 1159 1345 1199 cum
1385 1138 1652 1198 finitimis
1686 1139 2006 1219 provinciis
2039 1137 2290 1198 adversa
2325 1147 2572 1218 uterque
2610 1137 2774 1197 fama
2809 1145 2986 1196 tenu-

748 1240 898 1293 Com.
920 1252 973 1293 et
995 1243 1048 1292 in
1072 1245 1260 1296 erant.
1347 1234 1500 1295 Piso
1526 1255 1629 1316 per
1657 1234 1998 1296 avaritiam‘
2023 1235 2245 1294 accolis
2265 1233 2640 1294 Macedoniae
2657 1233 2988 1293 Thracibus

745 1305 848 1356 Pin.
1072 1353 1145 1394 ac
1175 1331 1477 1392 Dardanis
1514 1352 1726 1414 pacem
1770 1351 1984 1412 magna
2025 1350 2252 1391 summa
2278 1330 2649 1392 vendiderat.
2733 1329 2986 1410 Enipea

1072 1449 1164 1489 res
1204 1431 1265 1489 in
1306 1428 1532 1489 bellum
1570 1429 1695 1507 egit
1733 1428 2038 1499 barbaros,
2079 1437 2148 1488 ut
2187 1428 2484 1508 replerent
2523 1427 2740 1488 bellica
2779 1425 2986 1506 praeda

1069 1525 1299 1598 domos,
1328 1545 1478 1606 quas
1504 1526 1691 1607 pretio
1718 1526 1932 1606 quietis
1971 1525 2390 1586 exhauserant.
2443 1557 2448 1564 ·
2471 1524 2668 1605 Igitur
2692 1545 2806 1585 non
2833 1545 2983 1585 vex-

1070 1632 1175 1682 ata
1212 1622 1403 1682 solum
1444 1631 1507 1681 et
1544 1621 1802 1703 spoliata
1827 1621 2192 1682 Macedonia
2215 1629 2328 1692 est,
2355 1621 2462 1682 sed
2485 1623 2666 1682 etiam
2689 1623 2986 1681 exercitus

1072 1717 1406 1790 Romanus,
1422 1718 1485 1780 vi
1510 1717 1792 1790 hostium,
1813 1727 1919 1779 aut
1935 1719 2304 1800 imperatoris
2323 1719 2560 1798 injuria,
2579 1717 2760 1789 fame,
2777 1719 2984 1780 morbo

1069 1825 1426 1876 consumtus.

1150 1919 1211 1972 9.
1254 1911 1565 1972 Thessalia
1599 1922 1664 1973 et
1691 1911 1954 1982 Achaia,
1981 1911 2135 1972 sicut
2159 1913 2237 1972 ab
2264 1911 2429 1972 hoste
2457 1911 2689 1990 longius
2713 1911 2982 1983 aberant,

1066 2002 1347 2069 cladibus
1385 2009 1653 2082 intactae,
1693 2011 1858 2091 pacis
1893 2009 2142 2089 injurias
2173 2010 2529 2080 sentiebant,
2555 2027 2834 2088 magnam
2859 2009 2984 2070 vim

1070 2107 1338 2186 pecuniae
1367 2106 1581 2168 Pisoni
1608 2107 1862 2189 pendere
1889 2116 2138 2168 coactae.
2221 2106 2482 2169 Gravius
2508 2105 2704 2167 adhuc
2735 2107 2982 2188 Byzan·

1068 2203 1179 2264 tini
1205 2204 1600 2277 vexabantur,
1628 2225 1779 2285 quos
1804 2207 1884 2265 ob
1911 2205 2122 2265 merita
2149 2204 2550 2266 Mithridatici
2575 2204 2722 2264 belli
2747 2214 2987 2265 senatus

1069 2299 1440 2381 populusque
1483 2299 1800 2362 Romanus
1845 2321 2030 2382 nuper
2070 2301 2450 2363 liberaverat.
2535 2301 2744 2362 Missae
2783 2311 2984 2362 tamen

1066 2417 1141 2458 eo
1165 2385 1435 2460 cobortes
1474 2398 1534 2458 in
1574 2399 1844 2479 hyberna
1877 2409 2036 2471 sunt,
2071 2408 2280 2459 contra
2303 2401 2464 2479 leges
2486 2409 2983 2480 senatusquecon-

983 2510 991 2522 ·
1067 2495 1224 2556 sulta
1248 2497 1516 2558 exercita
1528 2497 1866 2576 jurisdictio
1890 2517 1905 2557 ε
1935 2497 2206 2568 avaritia,
2226 2489 2336 2570 vis,
2357 2517 2429 2557 ac
2455 2495 2644 2558 libido
2663 2496 2982 2558 foedissime

1066 2603 1347 2672 grassata.
1432 2593 1502 2654 N
1506 2615 1602 2654 am
1628 2604 1691 2655 et
1714 2604 1928 2655 statuae
1957 2595 2262 2674 Urbisque
2287 2604 2633 2654 ornamenta
2657 2594 2845 2655 multa
2869 2595 2982 2655 ab·

1067 2699 1235 2770 repta
1260 2700 1429 2761 sunt;
1474 2699 1538 2751 et
1559 2691 1754 2752 caedes
1793 2691 2006 2752 factae:
2050 2701 2112 2751 et
2137 2692 2394 2771 virgines
2417 2691 2816 2763 nobilissimae,
2842 2713 2982 2753 cum

1066 2787 1142 2847 ad
1186 2796 1450 2869 stuprum
1494 2798 1857 2868 raperentur,
1887 2791 1946 2848 in
1990 2797 2197 2869 puteos
2232 2789 2483 2873 abjectis
2503 2790 2848 2870 corporibus
2873 2801 2979 2849 vo·-

1066 2882 1327 2942 luntaria
1352 2893 1538 2943 morte
1575 2885 1940 2945 interierunt.
2024 2884 2248 2966 Neque
2273 2886 2478 2945 mitius
2505 2885 2760 2964 Agriani
2787 2885 2980 2946 Dolo—

1068 2982 1291 3061 pesque
1317 2989 1378 3038 et
1406 2979 1631 3040 AEtolia
1658 2989 1899 3041 vexata.

1150 3082 1249 3135 10.
1294 3073 1371 3134 In
1408 3075 1588 3156 Syria
1622 3075 1924 3137 Gabinius
1964 3075 2226 3138 adversis
2257 3079 2432 3138 rebus
2457 3079 2712 3139 nocebat
2737 3079 2979 3159 reipub·

774 3177 883 3228 Cic.
906 3179 968 3226 de
1066 3169 1237 3241 licae;
1281 3175 1575 3255 prosperis
1618 3174 1969 3234 consulebat
2019 3175 2154 3234 sibi.
2240 3174 2452 3235 Primo
2501 3175 2762 3236 adventu
2813 3185 2981 3257 parte

1066 3269 2258 3428 53?{}:{”‘’‡222{‡022h⁰?23:⁵:32:¹¹3
2283 3273 2714 3430 :xm
2750 3272 2982 3431 :2¹32

866 3409 880 3424 .
932 3407 947 3423 .
1032 3405 1047 3421 .
1736 3412 1753 3438 ,
2713 3391 2752 3429 u

896 3455 944 3492 ⁰·
961 3443 1045 3491 ⁴⁸·
1069 3445 1312 3544 publico
1338 3387 1630 3536 gumebat,
1658 3465 1762 3525 sed
1791 3465 2084 3526 inferebat
2108 3466 2474 3547 quibuslibet
2507 3469 2689 3528 etiam
2723 3468 2979 3549 pacatis-

1068 3561 1251 3632 simis,
1270 3582 1518 3641 quorum
1544 3582 1688 3642 opes
1715 3582 1876 3642 spem
1902 3562 2113 3642 opimae
2141 3561 2358 3643 praedae
2383 3565 2760 3646 rapacissimo
2785 3564 2978 3624 eidem

1072 3657 1583 3737 profusissimoque
1609 3657 1945 3718 mortalium
1974 3657 2256 3719 facerent.

776 3776 981 3841 Joseph.
1154 3761 1252 3814 11.
1294 3753 1371 3814 In
1399 3752 1643 3815 Judaeos
1682 3764 1901 3824 tamen,
1929 3774 2064 3814 cum
2094 3754 2448 3815 Alexandro
2475 3753 2810 3814 Aristobuli
2853 3753 2982 3816 filio

748 3841 1046 3906 Amiqmw.
1070 3850 1448 3920 rebellantes,
1475 3850 1854 3931 expeditione
1879 3861 2174 3931 suscepta,
2201 3871 2316 3911 non
2343 3853 2702 3911 instrenuum
2726 3852 2981 3932 impera-

747 3908 1014 4022 {q'fssd‘ieh
1072 3955 1257 4007 torem
1312 3949 1453 4026 egit.
1540 3946 1697 4007 Cum
1725 3947 1906 4020 ,enim
1955 3947 2330 4020 Alexander,
2379 3950 2645 4010 exercitu
2698 3947 2980 4022 collecto,

1112 4259 1123 4274 ο
1139 4205 1158 4230 ¹
1180 4197 1300 4248 Piso
1316 4213 1402 4274 per
1420 4195 1703 4262 amiciam]
1727 4197 1988 4263 Quicquid
2061 4201 2272 4250 nimium
2291 4205 2618 4262 oneraretur,
2633 4200 2684 4250 id
2703 4198 2880 4250 facere
2897 4217 2981 4252 su·

1074 4261 1159 4311 bic
1182 4263 1246 4312 de
1270 4264 1459 4314 Pisone
1476 4273 1736 4320 narratur,
1751 4277 1817 4312 ex
1835 4265 1990 4314 variis
2061 4266 2406 4331 pen-sedimus,
2441 4275 2498 4316 et
2531 4267 2596 4315 ad
2627 4267 2762 4330 ipsas
2784 4267 2977 4316 oratio·

1076 4329 1364 4378 orationum
1374 4329 1643 4380 Ciceronis
1657 4329 1786 4380 loci·
1805 4329 1990 4380 collec·
2059 4347 2150 4381 nes
2209 4333 2482 4384 remittere
2527 4332 2658 4382 satis
2695 4332 2982 4384 babuimus.

1076 4401 1345 4508 unffi
1358 4393 1990 4516 „3ffi:.23‚³:„·{5³2¹3:{':2
2062 4399 2201 4448 cm·
