3300 5234
730 501 907 574 ³0⁷2
1693 515 1766 568 τ.
1813 516 2010 568 mvn

947 685 971 696 “
1054 659 1203 722 liore
1242 661 1443 722 denuo
1486 659 1726 722 fortuna
1757 661 2188 742 depugnasset3
2229 660 2312 720 ob
2337 658 2580 718 nimiam
2623 655 2970 730 multitudi2

763 759 866 809 cie.
888 759 950 808 de
1056 776 1191 818 nem
1216 757 1473 818 hostium
1494 757 1686 837 (quod
1713 758 1784 816 iis
1811 757 2172 838 temporibus
2211 755 2518 836 Hispania
2543 757 2804 834 gentium
2825 775 2963 815 om·—

728 823 848 938 {f'gj
877 824 1033 891 ΒοῬ·
1056 854 1219 915 nium
1246 855 1419 932 longe
1443 853 1894 936 populosissima
1913 857 2066 932 erat)
2088 853 2234 913 satis
2257 852 2539 933 deinceps
2563 852 2792 922 habuit,
2813 851 2864 910 si
2893 869 2960 910 se

730 953 846 1004 Dio.
1054 960 1120 1011 et
1140 951 1468 1012 exercitum
1494 959 1774 1032 praestare
1799 949 2030 1011 salvum
2057 956 2275 1030 posset.
2359 947 2521 1008 Haec
2549 950 2610 1008 in
2649 948 2822 1008 Urbe
2849 967 2960 1007 au-

1054 1047 1185 1108 dita
1221 1047 1477 1120 fueraut,
1508 1065 1647 1108 cum
1683 1044 1943 1107 nondum
1969 1054 2193 1107 ornatae
2219 1045 2538 1126 provinciae
2561 1053 2789 1113 essent;
2831 1063 2958 1104 mo-

1054 1153 1383 1225 veruntque
1407 1152 1700 1216 senatum,
1727 1152 1797 1205 ut
1821 1142 2160 1225 Hispanias
2185 1141 2359 1201 alteri
2385 1141 2691 1205 consulum
2717 1141 2958 1221 provin-

1052 1241 1213 1302 ciam
1236 1242 1536 1302 lubentius
1572 1239 1936 1312 decerneret,
1975 1238 2392 1320 Pompeioque
2417 1246 2630 1298 sortem
2658 1237 2824 1298 illam
2847 1237 2961 1296 ob-

1051 1339 1251 1398 venise
1278 1338 1603 1398 laetaretur.
1689 1337 1816 1398 His
1838 1336 2021 1396 ferme
2047 1337 2222 1396 rebus
2245 1335 2408 1395 domi
2433 1334 2692 1414 forisque
2707 1337 2962 1394 eircum-

1049 1443 1223 1494 actus
1247 1455 1435 1495 annus
1458 1446 1571 1506 est,
1600 1455 1722 1515 quo
1747 1433 1866 1495 Cn.
1891 1433 2240 1514 Pompeium,
2281 1431 2376 1492 Μ.
2404 1431 2656 1492 Crassus
2687 1432 2966 1492 consules

1054 1529 1263 1590 iterum
1288 1530 1549 1590 fuerunt.

1128 1635 1236 1688 62.
1280 1627 1549 1708 Sequens
1586 1625 1829 1697 deinde,
1877 1625 1947 1685 L.
1977 1625 2247 1686 Domitio
2273 1626 2390 1686 Cn.
2420 1626 2492 1686 F.
2521 1625 2962 1698 Ahenobarbo,

1058 1723 1188 1807 Ap.
1217 1724 1478 1784 Claudio
1498 1724 1627 1805 Ap.
1661 1721 1730 1782 F.
1753 1721 2026 1782 Pulchro
2053 1721 2270 1783 Crasso
2308 1722 2670 1792 consulibus,
2715 1743 2964 1802 magnas

1056 1821 1447 1883 dissensiones
1490 1822 1551 1881 in
1594 1819 1926 1900 republica,
1951 1840 2196 1899 magnas
2230 1820 2596 1880 exercituum
2636 1829 2858 1898 strages
2901 1822 2962 1880 in

1056 1919 1371 1998 provinciis
1394 1917 1589 1978 tulit!
1673 1915 1751 1976 In
1782 1915 1952 1977 Urbe
1973 1925 2212 1997 propter
2234 1915 2586 1989 Gabinium,
2609 1937 2648 1977 a
2671 1937 2794 1998 quo
2817 1937 2962 1978 con-

1056 2024 1151 2078 tra
1175 2015 1487 2094 religiones
1508 2014 1792 2075 reductus
1817 2014 1876 2073 in
1903 2035 2151 2093 regnum
2177 2013 2549 2074 Ptolemaeus
2571 2013 2788 2086 fuerat,
2811 2017 2966 2077 acri-

1054 2112 1167 2174 bus
1192 2114 1399 2174 animis
1426 2115 1578 2174 inter
1602 2111 1898 2193 principes
1915 2113 2272 2172 certabatur.
2323 2112 2410 2171 Et
2440 2111 2694 2172 Gabinii
2719 2132 2966 2174 causam

1058 2211 1174 2272 Cn.
1205 2210 1464 2290 Magnus
1487 2211 1776 2271 hactenus
1809 2219 2128 2290 utcumque
2154 2210 2550 2270 sustinuerat:
2595 2219 2722 2270 tum
2763 2219 2964 2270 autem

1054 2306 1301 2368 duorum
1347 2307 1658 2370 consulum
1703 2307 1956 2368 inimicis
2002 2306 2321 2367 accedente
2359 2308 2735 2378 auctoritate,
2783 2309 2970 2390 coepit

1054 2404 1378 2465 labascere.
1460 2403 1764 2465 Domitius
1807 2423 2035 2484 semper
2077 2403 2358 2466 adversus
2398 2404 2792 2485 Pompeianae
2834 2404 2968 2465 sac-

1054 2502 1209 2562 tioni
1250 2501 1445 2562 fuerat
1468 2521 1484 2562 ε
1530 2501 1802 2582 Appium
1849 2509 2030 2560 antea
2067 2521 2184 2560 non
2234 2499 2491 2561 alienum
2531 2501 2730 2562 studia
2767 2500 2968 2583 plebis

1052 2599 1386 2669 mutabant,
1414 2606 1478 2657 et
1514 2618 1647 2678 spes
1673 2597 1863 2667 lucri3
1911 2595 2361 2657 accumulaturo
2401 2596 2736 2658 mercedem
2763 2607 2964 2678 patro-
3087 2621 3096 2626 ·

1051 2695 1195 2754 cinii
1222 2693 1512 2766 Gabinio,
1538 2695 1590 2752 si
1618 2693 1777 2774 prius
1801 2694 1862 2752 in
1887 2711 2162 2772 magnam
2188 2691 2485 2752 adductus
2507 2693 2965 2775 trepidationem

1052 2789 1281 2850 fuisset.

751 2915 1033 2968 eaden,
1134 2893 1237 2947 63.
1281 2886 1379 2948 At
1430 2884 1658 2958 omar,
1705 2885 1938 2947 obsides
1989 2907 2027 2946 a
2075 2887 2384 2946 Britannis
2425 2888 2630 2948 missos
2667 2908 2787 2949 non
2839 2909 2966 2950 esse

731 2981 861 3055 Gau,
884 2997 936 3031 v·
1058 2992 1355 3056 causatus,
1382 2992 1642 3044 ceterum
1681 2983 1887 3042 insulae
1924 2984 1976 3042 si
2021 2992 2217 3064 posset
2252 2982 2564 3044 domandae
2605 2987 2878 3068 cupidus,
2905 2996 2970 3048 et

731 3045 861 3158 ἓξὲξ.
877 3061 967 3096 '‘¹‘'
1058 3080 1328 3159 quolibet
1346 3087 1639 3161 praetextu
1665 3099 1885 3139 morem
1913 3087 2176 3158 gesturus
2203 3080 2544 3160 cupiditati,
2562 3091 2667 3162 per
2692 3084 2966 3164 hyemem

1058 3197 1332 3256 mag-nam
1387 3178 1629 3238 navium
1677 3176 2116 3237 multitudinem
2167 3199 2356 3258 opera
2409 3179 2760 3257 legatorum,
2816 3202 2970 3262 quos

1056 3274 1341 3356 hybernis
1396 3283 1818 3355 praeposuerat,
1879 3274 2032 3336 effici
2084 3277 2303 3354 jussit:
2363 3276 2556 3338 forma
2599 3281 2967 3358 praescripta‚

1059 3391 1242 3451 quam
1278 3370 1599 3451 judicabat
1642 3391 1769 3431 esse
1815 3370 1894 3431 ad
1935 3371 2096 3431 illius
2139 3373 2318 3432 maris
2364 3383 2636 3434 naturam
2683 3385 2974 3436 consueta

1058 3468 1540 3530 commodiorem.
1654 3468 1822 3550 Ipse,
1885 3468 2262 3530 Pirustarum
2307 3491 2648 3551 compressa
2703 3474 2968 3546 natione,

1062 3562 1381 3647 Illyricum
1428 3567 1878 3638 incursantium,
1939 3575 2002 3626 et
2035 3567 2250 3627 deinde
2297 3568 2356 3627 in
2407 3567 2630 3629 Galliis
2667 3571 2968 3634 concitore

1057 3662 1441 3725 Trevirorum
1459 3662 1897 3736 Indutiomaro,
1913 3683 2050 3724 cum
2075 3663 2406 3743 legionibus
2427 3666 2504 3725 ad
2527 3677 2764 3746 portum
2781 3667 2970 3730 Itium

1059 3762 1354 3842 pervenit,
1380 3760 1540 3833 inde,
1562 3759 1737 3821 simul
1763 3761 1994 3840 patiens
2011 3761 2250 3821 navium
2275 3781 2530 3822 oceanus
2551 3763 2728 3836 foret,
2753 3767 2969 3826 iterum

765 3875 943 3927 Cenat.
1062 3859 1128 3918 in
1152 3857 1527 3919 Britanniam
1556 3859 1936 3937 trajecturus.
2020 3857 2208 3917 Itium
2233 3857 2502 3939 plerique
2527 3859 2706 3922 fuisse
2734 3871 2966 3942 putant,

728 3939 1035 4058 {³3⁸2an
1061 3955 1165 4016 ubi
1190 3975 1346 4016 nunc
1375 3955 1656 4016 caletum
1676 3962 1768 4014 est
1791 3954 2152 4015 maritimum
2175 3953 2462 4036 oppidum
2487 3977 2502 4017 ε
2532 3957 2646 4018 sed
2669 3959 2800 4022 haec
2825 3979 2970 4022 auc·-

754 4041 767 4057 ⁰
842 4043 856 4059 ”
904 4039 921 4057 ’
977 4039 994 4057 ’
1058 4053 1297 4113 toritate
1340 4050 1666 4113 Ptolemaei
1713 4049 2000 4111 refellitur
2041 4051 2269 4131 opinio.
2357 4052 2620 4134 Propius
2655 4054 2838 4118 fidem
2879 4065 2974 4118 est

1048 4149 1236 4229 juxta
1262 4148 1597 4211 Bononiam
1624 4145 2008 4228 quaerendum
2031 4147 2170 4207 huic
2193 4149 2418 4210 nomini
2442 4150 2642 4214 locum
2657 4174 2802 4214 esse.

1661 4353 1694 4384 ⁴¹¹
1725 4353 1874 4407 A.U.
1895 4355 2088 4407 2698·
2123 4355 2189 4408 A.
2213 4356 2377 4410 (254.
