3300 5234
732 604 911 675 5824
1713 624 1786 673 τ’.
1831 623 2027 674 mvn

1060 786 1239 849 quem
1282 766 1519 851 Oppius
1562 766 1778 829 librum
1821 768 2034 841 edidit,
2077 772 2096 805 θ
2113 788 2230 831 non
2281 786 2407 829 esse
2443 768 2702 833 Caesaris
2751 768 2968 845 filium,

1060 885 1239 946 quem
1266 864 1589 947 Cleopatra
1612 865 1780 927 dicat
1798 866 1837 925 :’
1876 866 2055 948 plane
2078 867 2250 947 quasi
2274 868 2608 948 patrocinio
2631 886 2724 927 res
2747 879 2976 948 egeret.

732 964 853 1023 Dio,
878 979 1038 1014 xuu.
1140 968 1241 1023 36.
1286 960 1453 1022 Dum
1478 963 1593 1023 ista
1620 962 1840 1023 Romae
1867 973 2166 1041 geruntur,
2201 964 2264 1022 in
2302 962 2610 1045 Hispania.
2633 965 2770 1047 plus
2794 966 2978 1026 obor-

1059 1067 1183 1120 tum
1212 1058 1356 1119 belli
1382 1068 1531 1129 erat,
1560 1080 1739 1140 quam
1769 1069 1874 1120 aut
1896 1060 2083 1119 classe
2126 1060 2285 1141 prius
2309 1080 2344 1120 e
2370 1059 2672 1133 Sardinia,
2697 1069 2806 1121 aut
2831 1082 2978 1123 mox

1056 1174 1196 1219 cum
1225 1156 1309 1225 Q.
1340 1156 1534 1219 Fabio
1562 1157 1864 1229 Maximo,
1891 1157 1978 1225 Q.
2007 1157 2206 1219 Pedio
2239 1156 2452 1237 legatis
2489 1160 2756 1225 exercitu
2797 1160 2982 1221 misso

1056 1254 1317 1315 coerceri
1356 1262 1589 1337 posset:
1633 1255 1936 1336 ipsiusque
1967 1257 2100 1335 jam
2127 1254 2384 1316 Caesaris
2421 1258 2738 1337 praesentia
2773 1258 2980 1338 requi·

1027 1352 1315 1413 rebatur.
1402 1350 1595 1432 Igitur
1633 1353 1824 1413 Urbis
1860 1352 2132 1416 custodia
2167 1352 2262 1413 Μ.
2293 1352 2545 1435 Lepido,
2577 1362 2642 1415 et
2676 1355 2804 1415 sive
2841 1374 2977 1427 sex,

1056 1450 1179 1512 sive
1218 1460 1357 1512 octo
1398 1450 1697 1532 praefectis
1734 1452 2016 1531 permissa
2055 1454 2222 1530 (nam
2247 1451 2324 1512 de
2361 1470 2606 1511 numero
2637 1449 2980 1535 dubitatur)

764 1547 969 1598 Sueten.
1057 1568 1210 1629 quos
1253 1569 1359 1630 pro
1400 1550 1749 1631 praetoribus
1790 1550 2115 1639 constituit,
2142 1551 2248 1630 qui
2288 1570 2394 1631 per
2434 1549 2764 1611 absentiam
2803 1570 2978 1612 suam

732 1612 863 1665 σε*
880 1616 1033 1665 ⁰⁰⁷⁶⁶
1058 1666 1151 1705 res
1202 1647 1461 1706 urbanas
1520 1646 1998 1708 administrarent
2026 1667 2045 1717 ;
2104 1648 2168 1707 in
2237 1646 2606 1729 Hispaniam
2671 1647 2980 1727 profectas

730 1742 947 1822 qupfau.
980 1807 992 1819 ·
1058 1750 1169 1813 est,
1196 1752 1473 1822 quartum
1489 1744 1623 1822 jam
1665 1762 1784 1803 non
1811 1743 2043 1814 consul,
2067 1743 2178 1805 sed
2201 1742 2541 1823 designatus
2563 1744 2692 1815 sine
2715 1743 2980 1823 collega.

732 1808 1036 1872 lmc'pss'
1142 1844 1243 1902 37.
1286 1838 1513 1921 Neque
1556 1860 1989 1922 supervacuum
2035 1840 2236 1911 fuerit,
2281 1840 2592 1923 explicare
2631 1838 2800 1921 quali
2843 1849 2976 1901 tum

764 1922 879 1971 Vid.
904 1922 983 1971 Si·
1058 1936 1300 2009 honore,
1346 1947 1410 1997 et
1457 1938 1691 2019 quoties
1735 1938 2016 2020 praeditus
2069 1939 2288 2017 egerin
2347 1937 2591 2018 quando
2631 1926 2822 1999 annus
2869 1936 2978 1999 ine

730 1988 1039 2129 ὶκιξῃὲῗῗῗξ
1060 2035 1420 2097 confusionis
1456 2036 1586 2098 haec
1616 2057 1856 2118 quoque
1882 2034 2288 2097 confundendi
2315 2034 2684 2097 occasionem
2721 2036 2982 2117 scripto-

730 2118 878 2183 Pigh.
902 2119 1035 2167 Anu.
1060 2133 1221 2194 ribus
1246 2135 1519 2215 praebuit.
1603 2134 1727 2196 Sed
1753 2134 2033 2215 quoniam
2067 2133 2176 2195 alii
2207 2134 2534 2205 consulem,
2573 2134 2678 2194 alii
2718 2132 2980 2195 dictato-

762 2266 963 2317 ΒΨ...
1059 2251 1183 2291 rem
1211 2232 1389 2293 fuisse
1418 2232 1647 2303 volunt,
1677 2232 1950 2293 Suetonii
1974 2233 2325 2294 sententiam
2351 2251 2554 2293 veram
2579 2252 2706 2293 esse
2731 2231 2976 2312 judico,

732 2331 861 2383 ΟΜ·
883 2336 969 2385 76·
1056 2330 1297 2391 tertium
1318 2339 1381 2391 et
1404 2341 1680 2411 quartum
1705 2330 2076 2392 consulatum
2113 2331 2356 2409 gessisse
2391 2329 2572 2392 titulo
2607 2338 2803 2401 tenus,
2829 2350 2978 2391 con-

1056 2436 1287 2488 tentum
1319 2428 1633 2489 dictatum
1674 2436 1990 2509 potestate,
2016 2427 2257 2488 decreta
2293 2426 2466 2487 simul
2489 2447 2625 2489 eum
2649 2425 2982 2488 consulati-

1058 2524 1188 2586 bus.
1272 2524 1471 2607 Igitur
1508 2536 1572 2587 et
1605 2526 1666 2586 in
1703 2536 1822 2586 tres
1861 2526 2208 2586 novissimos
2241 2544 2491 2605 meuses,
2519 2534 2662 2607 puto
2697 2545 2806 2606 per
2838 2544 2978 2584 eam

1054 2643 1320 2695 causam,
1347 2624 1508 2705 quod
1539 2627 1675 2704 jam
1705 2625 1828 2706 ipse
1869 2624 2076 2685 consul
2102 2644 2240 2685 cum
2265 2622 2502 2702 collega
2527 2644 2630 2703 per
2655 2622 2978 2683 duodecim

1056 2738 1285 2781 menses
1322 2719 1549 2793 fuisset,
1584 2722 1750 2795 (nam
1791 2741 1978 2781 annus
2011 2720 2136 2792 ille,
2165 2730 2234 2780 ut
2267 2728 2358 2780 est
2395 2720 2739 2801 expositum
2771 2740 2978 2800 supra,

730 2860 849 2913 Dio·
1054 2818 1357 2879 mensibus
1380 2819 1723 2899 quindecim
1748 2819 2037 2897 constitit)
2068 2819 2237 2878 binos
2261 2816 2515 2879 suffecit.
2577 2814 2806 2898 Neque
2831 2837 2980 2878 vero

1054 2916 1302 2977 comitia
1335 2916 1696 2987 consularia,
1741 2936 1876 2996 quae
1914 2924 2053 2975 sunt
2087 2916 2250 2975 circa
2283 2914 2346 2974 id
2383 2922 2618 2995 tempus
2653 2934 2692 2973 a
2731 2913 2826 2974 Μ.
2859 2912 2982 2973 Le-

1056 3012 1201 3093 pido
1224 3012 1465 3074 consule
1490 3012 1700 3073 eodem
1727 3021 1792 3073 et
1819 3012 2101 3091 magistro
2139 3012 2408 3092 equitum
2439 3010 2668 3083 habita,
2693 3030 2767 3070 eo
2793 3010 2982 3091 perti-

1056 3108 1254 3169 nuisse
1280 3108 1658 3181 crediderim,
1685 3118 1754 3169 ut
1780 3108 2008 3169 Caesari
2043 3110 2155 3169 sub
2195 3107 2377 3169 finem
2411 3108 2653 3169 demum
2687 3108 2828 3167 anni
2855 3116 2980 3167 ter-

1054 3205 1174 3265 tius
1197 3206 1541 3267 consulatus
1564 3206 1825 3278 daretur,
1853 3205 1960 3267 sed
1987 3214 2054 3265 ut
2079 3206 2216 3267 novi
2239 3205 2513 3267 consules
2547 3202 2978 3265 sufficerentur.

958 3338 969 3345 ·
1056 3301 1398 3364 Plurimum
1424 3312 1585 3365 certe
1612 3324 1853 3365 moveor
1878 3304 2229 3365 auctoritate
2257 3303 2582 3386 scriptoris,
2609 3302 2714 3383 qui
2741 3298 2978 3361 bellum

1056 3396 1463 3481 Hispaniense
1514 3400 1796 3462 tradidit:
1860 3421 2038 3482 quem
2091 3410 2274 3472 certe,
2323 3402 2683 3480 quicumque
2731 3396 2980 3458 tandem

1054 3493 1256 3568 suerit,
1305 3496 1516 3559 iisdem
1555 3500 1921 3580 temporibus
1965 3497 2186 3559 vixisse
2231 3506 2504 3559 constat:
2557 3516 2670 3556 nec
2709 3495 2981 3574 iniquum

1056 3594 1330 3666 arbitror,
1372 3605 1439 3656 ut
1490 3596 1633 3657 huic
1675 3596 1994 3657 Fastorum
2031 3594 2387 3674 fragmenta,
2431 3594 2650 3675 quibus
2689 3590 2980 3673 'alioquin

1057 3682 1413 3772 permultum
1448 3694 1668 3763 tribuo,
1703 3693 2192 3774 posthabeantur.

1138 3794 1242 3851 38.
1286 3790 1575 3851 Ceterum
1605 3789 2098 3871 Hispaniensium
2125 3807 2421 3848 armorum
2451 3785 2546 3845 hie
2570 3784 2756 3845 ferme
2781 3800 2994 3845 caum

1055 3883 1312 3948 fuerunt.
1411 3888 1746 3948 Proximus
1793 3888 1903 3948 sub
1958 3886 2169 3949 Cassio
2219 3895 2284 3945 et
2337 3882 2638 3944 Marcello
2689 3880 2986 3942 tumultus

1058 3980 1317 4043 Caesaris
1358 3984 1621 4063 leg-iones
1679 3983 1978 4046 discordia
2037 3992 2100 4043 et
2157 3980 2594 4063 suspicionibus
2647 3978 2986 4041 labefacta-

1056 4088 1227 4141 verat
1242 4101 1259 4151 ς
1304 4091 1585 4163 metuque
1630 4102 1818 4163 poenae
1866 4082 2150 4142 miserant
2194 4079 2272 4140 ad
2322 4078 2668 4159 Scipionem
2710 4076 2940 4155 legatos
2961 4096 2983 4137 ε

1056 4176 1274 4237 deinde
1298 4198 1437 4239 cum
1460 4178 1669 4259 Scipio
1688 4180 1878 4239 victus
1897 4187 2072 4249 esset,
2087 4176 2422 4259 Pompeius
2439 4175 2648 4235 morbo
2673 4174 2732 4234 in
2752 4172 2986 4234 Balea-

1056 4274 1219 4337 ribus
1252 4276 1618 4347 attineretur,
1643 4274 1718 4336 T.
1749 4274 2039 4357 Scapula,
2067 4274 2152 4341 Q.
2181 4274 2430 4354 Aponio
2453 4272 2729 4343 ducibus,
2749 4268 2988 4330 Trebo-

1058 4368 1159 4432 nio
1207 4370 1461 4433 Caesaris
1506 4373 1716 4453 legato-
1748 4382 2036 4452 negarunt
2077 4372 2453 4451 obsequium,
2501 4378 2808 4449 totamque
2853 4366 2996 4426 fere

1062 4466 1359 4530 Baeticam
1394 4480 1706 4533 traxemnt
1736 4492 1937 4531 secum
1977 4470 2056 4530 ad
2092 4470 2522 4537 defectionem„
