3300 5234
779 1238 1018 1291 Lucanv

757 1310 840 1356 81.
855 1316 906 1355 et
925 1311 1039 1359 118.

759 1370 888 1423 cu.

739 1940 746 1950 ,
796 1894 1014 1944 Macrob-

761 1959 866 2010 Sat.
893 1976 912 2009 r

917 1978 956 2012 1.
979 1965 1029 2013 ιο

1726 498 1796 549 ·1·.
1844 496 2037 547 UVH

1085 642 1228 723 qnia
1275 662 1552 725 pugnare,
1587 662 1961 725 summopere
2006 640 2334 723 cupiebatz
2388 662 2431 703 a
2478 641 2802 724 Pompeio,
2846 643 2995 725 qui·

1087 740 1330 801 nolebat
1353 762 1486 801 eam
1521 742 1600 801 de
1635 761 1701 801 se
1724 740 1947 801 famam
1978 741 2197 821 spargi,
2230 740 2399 821 quasi
2426 738 2653 801 Caesari
2676 740 2996 803 lace-nenti

1085 856 1204 897 non
1255 838 1502 898 auderet
1552 839 1839 898 resistere.
1933 836 2059 897 Sed
2110 846 2179 898 ut
2228 838 2635 899 necesdtatem
2686 839 2996 919 pugnandi

1083 933 1324 1005 vitaret,
1365 955 1472 1016 pro
1501 936 1713 995 castris
1752 934 2063 995 constituit
2092 934 2305 1005 aciem,
2350 954 2466 995 non
2510 933 2749 1014 longius
2786 935 2997 1016 primis

1081 1032 1530 1093 excurrentibus
1565 1030 1898 1101 ordinibus,
1938 1050 2119 1110 quam
2162 1051 2284 1110 quo
2322 1028 2401 1090 de
2434 1030 2601 1092 vallo
2636 1030 2827 1091 telum
2870 1041 2994 1092 tor-

1085 1136 1282 1187 mento
1306 1129 1584 1187 emissum
1608 1128 1937 1209 pertingere
1956 1135 2175 1207 posset.
2238 1127 2397 1187 Cum
2420 1126 2535 1187 hac
2562 1126 2789 1188 ratione
2812 1128 2995 1189 multi

987 1258 1060 1292 v.1
1083 1225 1373 1285 consumti
1413 1224 1543 1285 dies
1583 1233 1800 1295 essent,
1842 1224 2197 1305 Pompeius,
2238 1223 2447 1306 pabuli
2485 1226 2750 1285 maxime
2786 1226 2998 1308 inopia

1059 1330 1349 1393 -coaetus,
1389 1342 1695 1404 erumpere
1738 1322 1882 1382 totis
1921 1322 2141 1383 viribus
2184 1322 2412 1383 statuit.
2492 1322 2643 1383 Hoc
2676 1323 2995 1385 consilium

1083 1417 1332 1497 agitanti
1365 1430 1693 1501 opportune
1730 1417 2041 1479 Roucillus
2075 1427 2141 1479 et
2176 1418 2367 1498 AEgus
2404 1418 2775 1498 Allobroges
2796 1421 2993 1483 oblati

1079 1505 1250 1588 sunt,¹
1275 1519 1404 1597 qui,
1445 1526 1684 1598 propter
1722 1518 2047 1577 interversa
2070 1538 2183 1597 equ
2192 1517 2339 1577 itum
2362 1516 2659 1597 stipendia
2684 1517 2991 1597 objurgati

1081 1632 1122 1675 a
1147 1612 1412 1685 Caesare,
1437 1614 1931 1692 transfugiebant.
2000 1612 2141 1673 Hos
2160 1614 2341 1692 igitur
2358 1633 2465 1693 per
2486 1614 2689 1673 omnia
2712 1613 2997 1699 praesidia

1079 1710 1534 1782 circumductos,
1575 1720 1642 1771 ut
1682 1732 1919 1771 suorum
1960 1712 2189 1771 animos
2229 1718 2491 1789 augeret,
2530 1710 2733 1771 multis
2754 1712 2995 1772 ornavit

1081 1806 1381 1879 laudibus,
1408 1808 1653 1869 civitate
1670 1827 1910 1889 quoque
1929 1808 2234 1888 promissa.
2302 1806 2488 1874 Quod
2510 1808 2753 1867 irrisisse
2772 1806 2995 1869 Cicero

1081 1902 1322 1975 dicitur,
1367 1916 1548 1987 atque
1609 1904 1857 1976 dixisse,
1916 1905 2291 1984 ‘Egregium
2337 1924 2481 1966 vero
2526 1905 2993 1985 imperatorem!

1084 2003 1190 2080 qui
1236 2000 1441 2063 Gallis
1480 2002 1741 2063 alienam
1784 2002 2089 2063 civitatem
2134 2001 2473 2129 pollicetur,
2520 2002 2691 2063 nobis
2728 2012 2992 2065 nostram

1083 2116 1200 2158 non
1227 2108 1421 2180 potest
1444 2099 1733 2162 reddere-³

1164 2204 1266 2257 46.
1308 2197 1403 2258 At
1427 2198 1779 2279 Pompeius,
1807 2198 1887 2258 ab
1906 2196 1999 2257 his
2022 2196 2269 2257 edoctus
2285 2197 2507 2268 omnia,
2534 2216 2669 2279 quae
2686 2197 2841 2257 ratio
2861 2218 2991 2257 mu

1081 2295 1397 2369 nitionum,
1439 2318 1576 2377 quoe
1609 2296 1999 2357 excubiarum
2033 2305 2213 2377 atque
2242 2296 2563 2357 stationum
2594 2296 2757 2377 apud
2792 2297 2992 2359 hostes

1081 2401 1255 2464 esset,
1295 2394 1458 2474 quod
1493 2414 1706 2453 munus
1734 2414 1855 2473 quo
1886 2402 2176 2473 tempore,
2218 2400 2283 2453 et
2320 2394 2539 2473 quibus
2574 2394 2992 2457 accurantibus

1081 2486 1288 2560 fieret3
1332 2493 1584 2572 imperat
1621 2490 1933 2562 militibus,
1976 2499 2045 2550 ut
2082 2490 2199 2550 sibi
2238 2490 2490 2571 quisque
2528 2499 2763 2570 tegmen
2798 2490 2991 2553 faciat

1079 2608 1162 2652 ex
1187 2588 1428 2658 vimine,
1469 2587 1547 2647 ad
1589 2586 1825 2667 galeam
1855 2586 2309 2667 contegendam,
2344 2595 2409 2647 et
2430 2596 2500 2649 ut
2522 2606 2799 2666 aggerem
2822 2608 2989 2649 com·

1084 2694 1298 2767 portet.
1398 2684 1544 2746 Hoc
1590 2685 1693 2744 ubi
1740 2684 1965 2763 factum
2012 2693 2127 2756 est,
2182 2692 2361 2745 noctu
2412 2703 2627 2763 aggere
2670 2694 2737 2744 et
2776 2683 2994 2747 leviter

1083 2782 1324 2842 armatis
1347 2782 1783 2863 sagittariisque
1822 2781 2023 2842 multis
2056 2781 2115 2839 in
2154 2780 2408 2860 scaphas
2442 2790 2506 2839 et
2542 2782 2841 2841 actuarias
2876 2783 2987 2841 im-

1083 2878 1310 2959 positis,
1351 2878 1743 2939 munitionum
1788 2878 2041 2938 Caesaris
2082 2897 2217 2937 eam
2264 2886 2493 2958 partem
2532 2897 2670 2957 quae
2704 2876 2785 2939 ad
2826 2896 2987 2939 mue

895 2998 975 3032 an.
1084 2975 1436 3055 pertinebat,
1475 2983 1540 3035 et
1583 2995 1622 3034 a
1658 2976 1938 3041 maximis
1976 2976 2111 3054 ejus
2152 2974 2362 3033 castris
2402 2984 2533 3035 erat
2577 2974 2985 3044 remotissima,

1083 3073 1206 3151 peti
1242 3072 1458 3151 jubet;
1503 3071 1713 3131 eodem
1762 3092 1801 3131 a
1848 3070 2229 3152 Dyrrhachio
2278 3090 2463 3131 naves
2502 3071 2709 3149 longas
2748 3071 2985 3151 subigit

1080 3166 1292 3228 eodem
1325 3170 1450 3249 ipse
1485 3189 1624 3229 cum
1658 3189 1767 3230 sex
1810 3169 2143 3250 legionibus
2162 3167 2488 3229 contendit.
2574 3167 2717 3229 Duo
2736 3152 2987 3229 ’diversa

1043 3265 1330 3325 ‘castella
1373 3286 1448 3327 eo
1496 3266 1628 3327 loco
1672 3266 1881 3327 Caesar
1914 3264 2220 3337 effecerat,
2252 3274 2665 3327 sexcentorum
2706 3286 2987 3347 passuum

1081 3362 1420 3434 intervallo,
1465 3384 1717 3444 quorum
1761 3364 2013 3425 alterum
2064 3366 2125 3423 in
2170 3363 2399 3423 hostem
2442 3372 2575 3424 erat
2614 3384 2985 3437 conversum,

1079 3457 1322 3519 interius
1363 3459 1661 3520 diversam
1705 3470 1935 3541 partem
1984 3458 2316 3540 spectabat.
2420 3458 2605 3531 Haec,
2656 3468 2986 3524 transverso

1079 3553 1244 3615 vallo
1295 3556 1621 3616 secundum
1670 3576 1855 3627 mare,
1910 3559 2267 3635 conjungere
2284 3554 2316 3589 ⁴
2366 3556 2571 3617 Caesar
2630 3557 2985 3619 instituerat.

1081 3648 1208 3710 Sed
1255 3672 1342 3711 eae
1387 3654 1743 3714 munitiones
1794 3655 2051 3735 spatium
2094 3652 2425 3714 octodecim
2470 3653 2653 3713 ferme
2698 3655 2987 3716 millium⁸

1078 3748 1434 3829 complexae,
1469 3751 1548 3810 ob
1584 3749 2051 3829 magnitudinem
2084 3750 2280 3831 operis
2317 3749 2547 3811 absolvi
2588 3750 2851 3811 nondum
2878 3772 2982 3834 po-

1079 3853 1334 3906 tuerant.

1155 3950 1257 4007 47.
1300 3943 1514 4003 Prima
1538 3942 1671 4004 luce
1696 3965 1759 4005 se
1782 3944 2162 4005 ostenderunt
2186 3944 2547 4024 Pompeiani
2576 3945 2654 4005 ad
2679 3946 2982 4026 objectum

1076 4040 1288 4099 castris
1331 4040 1450 4101 suis
1492 4041 1759 4101 vallum:
1822 4039 1997 4101 simul
2046 4042 2297 4102 navibus
2340 4042 2721 4103 circumvecti
2766 4044 2982 4105 milites

1294 4180 1327 4226 4
1359 4176 1436 4240 Τᾷ
1456 4176 1741 4242 congius-gere
1763 4177 2091 4243 preponitur
2114 4177 2167 4228 in
2190 4176 2314 4228 edd.
2335 4186 2459 4229 ante
2482 4178 2635 4229 Crev.
2652 4180 2767 4231 duo.

1856 4296 2216 4319 “mom“

1371 4390 1396 4417 ⁰
1431 4382 1707 4433 Oetodeeim
1848 4383 2074 4450 millium]
2100 4383 2204 4434 Sex
2228 4382 2511 4435 leucarum.
2546 4384 2691 4435 Creu.
