3300 5234
838 552 1017 623 5068
1811 576 1880 628 r.
1931 574 2118 625 mvn

1170 714 1469 779 Ubiorum
1491 725 1931 798 cognoscerent.
2003 720 2182 781 Ubiis
2203 720 2616 795 annuentibus,
2635 718 2839 783 oblata
2863 742 2900 783 a
2925 722 3062 785 Οε-

1168 834 1297 875 sare
1322 814 1663 876 conditione
1695 817 1945 879 usuros.'

1250 918 1351 973 51.
1394 912 1553 980 Quae
1578 911 1794 974 deinde
1817 922 2163 995 sequuntur,
2188 914 2272 975 sic
2301 914 2526 975 habent
2547 914 2887 995 ambiguam
2911 918 3064 977 msti-

1168 1010 1486 1069 mationem
1522 1010 1743 1091 culpae,
1775 1020 1842 1071 ut
1865 1010 2172 1093 perfidiam
2197 1012 2395 1093 potius
2421 1010 2679 1071 Caesaris
2703 1032 2887 1093 quam
2911 1011 3066 1073 Ger·-

1166 1124 1473 1167 manorum
1499 1106 1680 1167 fuisse
1705 1108 1783 1167 sit
1801 1108 2214 1169 verosimilius.
2283 1106 2474 1179 Nam,
2499 1108 2804 1189 sicutipse
2828 1108 3062 1183 fatetur,

1166 1222 1508 1284 responsum
1545 1202 1716 1265 dedit
1755 1203 1988 1285 legatis,
2029 1214 2048 1240 ‘
2067 1224 2130 1265 se
2169 1224 2286 1265 non
2321 1205 2579 1286 amplius
2601 1204 2796 1265 millia
2815 1214 3068 1286 quatuor

1162 1318 1241 1359 eo
1288 1298 1385 1361 die
1432 1320 1856 1381 processurum.
1942 1301 2163 1363 Petere
2213 1310 2282 1361 ut
2323 1300 2607 1383 postridie
2651 1301 2852 1363 adsint
2890 1322 3064 1383 quam

1162 1394 1641 1478 frequentissimi,
1663 1419 1783 1479 quo
1806 1398 1884 1459 de
1909 1398 2224 1481 postulatis
2245 1420 2450 1460 eorum
2473 1386 2892 1479 cognosceret:
2931 1402 3064 1461 mis-

1164 1513 1363 1555 surum
1390 1496 1469 1557 ad
1494 1496 1826 1579 praefectos,
1853 1498 1956 1579 qui
1983 1517 2119 1558 cum
2145 1498 2416 1579 equitatu
2441 1500 2604 1558 omni
2644 1506 3064 1578 processerant,

1164 1612 1241 1653 ne
1266 1594 1491 1655 interea
1513 1595 1784 1676 praelium
1811 1595 2176 1677 inciperent)
2257 1596 2588 1667 Miseritne,
2613 1606 2677 1655 et
2698 1594 2868 1655 dicto
2901 1594 3062 1655 audi-

1163 1700 1333 1751 entes
1357 1692 1622 1773 praefecti
1649 1692 1892 1764 fuerint,
1922 1702 2029 1753 aut
2069 1701 2328 1753 utrorum
2365 1692 2546 1773 culpa
2580 1691 2958 1753 commissum
2993 1692 3068 1753 sit

1161 1787 1455 1868 praelium,
1480 1811 1618 1851 cum
1657 1792 1896 1851 minime
1935 1791 2202 1873 liqueat3
2245 1791 2350 1851 vix
2377 1800 2469 1850 est
2490 1788 2776 1851 credibile
2813 1789 3064 1851 Germa-

1160 1905 1291 1958 nos,
1340 1888 1443 1967 qui
1492 1908 1726 1948 omnem
1777 1891 2106 1969 equitatum
2173 1908 2367 1960 suum,
2422 1898 2634 1969 praeter
2681 1890 3064 1969 octingentos,

1158 1984 1555 2065 superioribus
1604 1984 1820 2046 diebus
1869 1996 2036 2047 trans
2089 1986 2324 2046 Mo‘sam
2379 1986 2710 2067 praedatum
2767 1986 3065 2059 miserant,

1159 2100 1418 2161 pugnam
1458 2092 1791 2163 equestrem
1830 2083 2092 2145 facturos
2127 2084 2308 2144 fuisse
2331 2094 2540 2143 contra
2563 2084 2832 2163 quinque
2857 2082 3066 2155 millia,

1153 2178 1273 2237 nisi
1312 2180 1505 2239 coacti
1541 2188 1726 2260 atque
1765 2180 2022 2241 lacessiti
2067 2180 2330 2241 fuissent.
2411 2179 2681 2240 Eventus
2703 2180 2756 2239 is
2778 2179 2919 2250 fuit,
2943 2188 3010 2239 ut
3031 2198 3068 2241 a

1160 2282 1331 2335 tanto
1356 2276 1730 2357 paucioribus
1755 2276 2020 2338 Romani
2045 2276 2204 2337 foeda
2221 2276 2365 2356 fuga
2383 2296 2571 2357 usque
2589 2275 2669 2336 ad
2683 2284 3066 2358 conspectum

1156 2382 1481 2433 castrorum
1506 2386 1740 2433 suorum
1765 2374 2206 2455 repellerentur.

1239 2476 1341 2531 52.
1384 2470 1695 2531 Postridie
1720 2469 2154 2533 Germanorum
2191 2472 2486 2554 principes
2527 2473 2906 2552 majoresque
2931 2478 3066 2533 nam

1147 2584 1379 2639 omnes,
1408 2569 1493 2627 uti
1512 2579 1890 2640 convenerat,
1919 2570 1998 2630 ad
2027 2568 2328 2631 Caesarem
2353 2590 2474 2630 uno
2507 2568 2739 2649 agmine
2761 2576 3065 2631 venerunt.

1156 2662 1277 2725 Ille
1303 2665 1395 2725 his
1420 2666 1842 2747 comprehendi
1869 2667 2164 2728 hostiliter
2193 2668 2400 2747 jussis,
2436 2666 2636 2727 statim
2675 2665 2884 2727 educit
2915 2686 3066 2737 suos,

1155 2760 1603 2843 Germanosque
1644 2764 1797 2825 nihil
1839 2764 1962 2826 tale
2005 2766 2338 2845 cogitantes
2377 2766 2730 2846 improvisus
2767 2784 3069 2845 aggressor

1154 2857 1235 2919 ad
1276 2861 1731 2922 internecionem
1772 2862 1970 2924 caedit.
2076 2864 2358 2931 Quantus
2399 2872 2756 2924 armatorum
2797 2880 3070 2923 numerus

1151 2958 1413 3037 perierit,
1467 2980 1583 3019 non
1636 2959 1910 3021 traditur.
1998 2960 2280 3043 Capitum
2331 2958 2766 3041 quadringenta
2827 2962 3068 3040 triginta

1151 3054 1343 3114 millia
1364 3054 1540 3115 fuisse
1568 3055 1776 3117 Caesar
1807 3059 2064 3139 scripsit,
2093 3056 2474 3118 multitudine
2509 3076 2822 3139 puerorum
2861 3058 3068 3118 mulio-

1148 3170 1393 3232 rumque
1420 3164 1788 3235 computata.

1230 3254 1329 3308 53.
1375 3247 1579 3309 Caesar
1604 3271 1890 3331 perquam
1916 3250 2116 3330 fragili
2143 3252 2486 3313 defensione
2513 3250 2738 3313 factum
2779 3252 2901 3313 hoc
2937 3260 3064 3311 tue-

1148 3353 1264 3405 tur.
1350 3355 1369 3381 ‘
1390 3345 1824 3408 Germanorum
1873 3349 2170 3429 principes
2207 3368 2316 3429 per
2353 3348 2791 3409 simulationem
2837 3348 2922 3409 ad
2961 3364 3067 3407 sua

1146 3450 1344 3501 castra
1364 3444 1632 3512 venisse3
1679 3445 1830 3504 nihil
1855 3445 2020 3506 aliud
2055 3452 2310 3517 acturos,
2337 3464 2519 3527 quam
2557 3452 2625 3505 ut
2657 3454 2893 3525 tempus
2915 3442 3064 3503 obti-

1148 3546 1369 3611 nerent,
1392 3540 1547 3601 intra
1565 3541 1728 3624 quod
1755 3543 2058 3623 equitatus
2077 3562 2218 3601 suus
2245 3542 2456 3603 reverti
2483 3549 2697 3623 posset.
2767 3541 2850 3600 Se
2877 3558 3066 3619 neque

1146 3634 1475 3697 audiendos
1518 3648 1778 3718 putasse,
1821 3640 1926 3719 qui
1971 3658 2078 3719 per
2117 3638 2344 3709 dolum,
2391 3640 2580 3720 petita
2619 3658 2792 3720 pace,
2841 3638 3064 3698 bellum

1146 3732 1306 3793 ultro
1352 3734 1717 3806 intulissent3
1762 3745 1823 3797 et
1859 3756 2106 3797 summae
2143 3736 2460 3797 dementiae
2489 3736 2816 3816 judicasse,
2843 3756 3061 3817 expec-

1148 3837 1277 3890 tare
1329 3830 1523 3893 donec
1572 3834 1828 3895 hostium
1881 3843 2234 3913 augerentur
2286 3834 2522 3914 copiaess
2605 3831 2766 3892 Sane
2821 3850 3064 3893 causam

1145 3946 1313 3987 suam
1340 3950 1413 3991 ne
1441 3929 1854 3991 Romanorum
1879 3931 2120 4012 quidem
2161 3932 2402 4013 optimis
2438 3932 2748 4012 probavit:
2793 3928 3064 4008 adeoque

854 4036 1055 4086 Sueten.
1145 4022 1438 4087 Tanusius
1463 4028 1757 4089 Geminus
1781 4029 2158 4091 historiarum
2189 4030 2440 4111 scriptor
2475 4050 2514 4090 a
2551 4028 2646 4089 Μ.
2675 4026 2914 4089 Catone
2937 4026 3062 4087 dic-

822 4102 1027 4217 Cssffig
1144 4130 1270 4183 tam
1316 4124 1501 4184 tradit
1550 4126 1925 4198 sententiam,
1973 4147 2096 4208 quo
2141 4136 2406 4207 tempore
2451 4147 2531 4187 ex
2579 4124 2766 4185 literis
2805 4124 3064 4185 ematis

822 4232 951 4281 Caes.
971 4240 1025 4281 et
1143 4219 1606 4302 supplicationes
1630 4222 2121 4295 decernebantur,
2165 4230 2182 4258 ‘
2201 4222 2544 4284 dedendum
2583 4222 2756 4283 illum
2795 4222 3064 4283 hostibus

816 4296 979 4409 3⁸⁸⁸·
1001 4297 1088 4347 nub
1144 4337 1291 4388 esse,
1334 4318 1413 4377 ob
1450 4319 1764 4397 legationis
1787 4319 2028 4381 violatae
2069 4319 2281 4381 nefast’
2363 4320 2686 4381 Suetonius
2727 4318 2920 4389 addit,
2947 4317 3064 4377 ali·-

820 4397 1049 4545 εῗὲοιὲιίι.
1146 4416 1387 4496 quando
1430 4434 1469 4477 a
1510 4427 1720 4479 senatu
1765 4416 2072 4480 decretum
2113 4418 2330 4493 fuisse„
2361 4428 2380 4457 ‘
2401 4428 2469 4480 ut
2511 4418 2588 4481 ad
2631 4412 3064 4500 explorandum
