3300 5234
810 559 1023 610 mam
1070 557 1285 609 cxiv.
1330 553 1982 608 surrmmnu‘run.
2331 530 2506 598 5301

240 701 245 710 '
275 721 413 786 quae
440 702 647 766 laetum
683 705 771 764 rei
806 705 1037 765 exitum
1078 703 1389 788 desperare
1426 721 1601 764 nemo
1622 701 1863 763 debeat.
1945 695 2176 767 Quanti

268 799 433 862 e'nim
456 821 585 862 esse
609 799 871 872 creditis,
899 800 1063 881 quod
1089 821 1197 862 nos
1222 803 1323 862 uni
1348 802 1489 862 huic
1532 800 1770 879 negotio
1813 797 2021 858 intenti
2061 797 2177 856 eri-

274 900 431 970 mus,
457 899 615 958 hosti
640 898 775 980 plus
796 898 979 959 etiam
1004 898 1431 981 respiciendum
1458 898 1593 959 est?
1676 896 2036 976 Hispaniam
2058 893 2174 954 Cn.
2201 893 2339 948 Plut.

272 995 612 1077 Pompeius
634 997 995 1056 commovit:
1039 995 1249 1058 Roma
1272 999 1401 1078 ipsa
1416 997 1553 1076 jugi
1580 995 1894 1076 impatiens
1917 990 2178 1053 nondum

271 1089 491 1152 didicit
516 1091 771 1174 perferre
796 1094 1157 1154 servitutem.
2173 1103 2184 1112 ·

352 1195 461 1248 45.
486 1198 505 1226 ⁶
527 1187 650 1249 Sed
670 1209 779 1249 nec
798 1197 1121 1250 extenuare
1139 1188 1406 1271 pericula
1428 1188 1607 1250 moris
1630 1188 1748 1248 mei
1772 1195 1884 1260 est,
1904 1207 2038 1268 quae
2060 1206 2178 1247 non

274 1284 629 1363 ignoranda,
652 1285 759 1346 sed
782 1285 1215 1346 contemnenda
1238 1287 1383 1346 viris
1418 1285 1673 1346 fortibus
1697 1285 1966 1345 arbitror.
2047 1283 2180 1343 Ex-

270 1382 542 1463 emplum
582 1382 681 1444 vel
727 1385 807 1444 ab
845 1385 1011 1444 hoste
1057 1385 1263 1465 petite.
1347 1384 1625 1452 Quantos
1665 1381 1768 1442 ille
1808 1381 2042 1442 labores
2073 1401 2184 1441 ex·

272 1477 496 1552 hausit,
522 1487 753 1561 quanta
774 1480 923 1541 adiit
942 1480 1305 1552 discrimina,
1324 1488 1390 1540 ut
1415 1481 1681 1541 vinceret
1703 1499 1808 1540 eos
1831 1479 2184 1558 quibuscum

270 1577 333 1637 ei
356 1577 474 1638 suit
498 1579 841 1640 contentio?
923 1579 1070 1646 Qua
1092 1578 1336 1640 tandem
1360 1577 1467 1638 ille
1488 1599 1619 1658 spe,
1666 1569 1775 1639 aut
1799 1598 1922 1659 quo
1947 1577 2184 1659 pretio?

273 1671 431 1736 Non
476 1673 599 1736 alio
640 1685 827 1748 certe,
856 1695 1036 1757 quam
1076 1675 1427 1758 tyrannidis,
1456 1696 1591 1757 quae
1632 1695 1824 1766 neque
1865 1673 2050 1736 tutior
2093 1682 2187 1734 est

271 1771 551 1832 omnibus
592 1771 713 1832 illis
752 1772 1031 1854 periculis
1076 1793 1183 1854 per
1207 1791 1345 1854 quae
1386 1781 1664 1853 paraturz
1707 1779 1772 1831 et
1807 1772 1858 1831 si
1883 1771 2187 1850 contingat

269 1869 372 1930 vel
416 1868 803 1950 quietissima,
846 1870 1015 1931 nulla
1056 1891 1175 1930 non
1208 1868 1555 1931 calamitate
1598 1878 1692 1930 est
1729 1869 2010 1929 miserior.
2091 1867 2190 1929 At

272 1967 473 2038 nobis,
500 1967 637 2048 quis
676 1987 853 2040 omne
894 1968 1209 2029 consilium
1257 1968 1316 2028 in
1358 1987 1433 2028 eo
1476 1971 1589 2038 est,
1636 1987 1757 2029 non
1793 1975 1862 2026 ut
1904 1966 2186 2046 injuriam

268 2062 568 2124 faciamus
628 2065 933 2144 cuiquam,
990 2063 1095 2125 sed
1160 2073 1229 2125 ut
1292 2064 1721 2145 rempublicam
1773 2062 2186 2134 defendamus,

271 2169 489 2221 neutra
510 2181 639 2222 sors
663 2161 876 2222 cadere
904 2161 1221 2223 infeliciter
1240 2171 1455 2243 potest.
1538 2161 1710 2222 Nam
1735 2169 1843 2221 aut
1865 2160 2189 2222 victoribus

272 2258 335 2318 in
362 2257 643 2318 libertate
669 2267 734 2318 et
767 2258 1045 2337 legitimis
1084 2259 1403 2319 honoribus
1444 2257 1744 2318 fortunata
1767 2259 1895 2318 vita
1935 2277 2040 2338 per
2063 2257 2184 2316 vir-

267 2361 467 2414 tutem
514 2355 907 2433 transigetur:
961 2363 1067 2415 aut
1108 2356 1171 2416 vi
1214 2354 1503 2436 superatis
1546 2354 1958 2414 calamitatum
2005 2351 2186 2414 finem

196 2497 203 2502 -
266 2469 431 2512 mors
455 2449 687 2522 afferet,
718 2471 838 2512 non
863 2451 1177 2532 extinguet
1199 2452 1461 2513 fructum
1484 2452 1724 2512 virtutis
1749 2450 2016 2530 gloriam.
2059 2449 2185 2512 Sed

264 2548 345 2609 de
388 2547 519 2608 istis
542 2547 787 2628 quidem
811 2549 963 2631 inter
988 2570 1095 2610 vos
1118 2549 1551 2622 deliberabitis‚
1576 2557 1816 2609 orantes
1849 2567 2184 2630 supremum

160 2651 179 2662 ⁹
266 2663 517 2716 numen,
544 2645 635 2704 uti
660 2645 836 2706 vobis
858 2666 967 2728 pro
992 2647 1181 2709 veteri
1210 2647 1429 2708 virtute
1468 2654 1650 2726 atque
1684 2643 1804 2706 fide
1829 2654 2026 2708 vestra
2057 2646 2184 2705 ani-

172 2783 179 2792 ·
266 2759 405 2801 mos
428 2740 863 2823 consiliumque
888 2741 1066 2806 duit.’
1148 2742 1413 2806 Accensi
1454 2743 1571 2804 hac
1596 2742 1864 2803 oratione
1889 2742 2183 2823 plerique,

266 2837 446 2900 velut
482 2837 659 2899 obliti
699 2842 1104 2921 praesentium,
1166 2841 1387 2902 bellica
1435 2839 1686 2901 consilia
1729 2840 2073 2919 agitabant:
2124 2848 2189 2899 et

268 2944 451 2996 erant
472 2934 691 3017 quibus
724 2937 967 2998 servitia
996 2937 1311 2999 liberanda
1352 2939 1415 2997 in
1458 2956 1629 2998 usum
1661 2936 1890 2997 militiae
1915 2935 2189 2998 videren-

268 3041 392 3094 tur.
480 3031 561 3092 ld
610 3034 911 3095 recusavit
960 3034 1142 3106 Cato,
1187 3035 1547 3114 negavitque
1594 3041 2024 3116 suscepturum,
2077 3033 2188 3094 nisi

266 3131 559 3214 praebitus
592 3150 631 3192 a
652 3130 1007 3193 volentibus.
1093 3131 1251 3192 Cum
1282 3132 1457 3192 multi
1480 3131 1922 3212 pollicerentur,
1948 3132 2190 3192 nomina

268 3227 421 3289 dare
453 3226 669 3308 quibus
698 3227 997 3289 videretur
1020 3229 1227 3308 jussit,
1256 3237 1443 3309 utque
1477 3229 1593 3290 hoc
1628 3227 1876 3290 liberius
1899 3226 2186 3300 facerent,

266 3324 533 3386 consilio
562 3325 841 3384 excessit.

331 3429 461 3482 46.
505 3419 653 3483 Non
698 3420 801 3481 diu
849 3429 1057 3503 postea
1098 3421 1291 3483 literae
1334 3423 1393 3483 ei
1446 3419 1745 3504 Scipionis
1783 3431 1964 3504 atque
2007 3422 2188 3483 Jubae

266 3519 615 3590 traduntur,
650 3518 895 3580 diversis
937 3541 1013 3580 ex
1057 3520 1227 3592 locis,
1258 3528 1603 3600 argumento
1628 3519 1858 3581 eodem.
1943 3519 2086 3581 Rex
2125 3521 2186 3582 in

269 3623 479 3677 monte
500 3616 765 3697 quodam
790 3637 927 3678 cum
970 3619 1179 3699 paucis
1220 3618 1483 3690 abditus,
1514 3615 1722 3700 Scipio
1757 3618 1871 3678 sub
1909 3637 2188 3699 promon-

268 3713 433 3774 torio
466 3713 629 3774 haud
654 3715 863 3796 procul
896 3715 1088 3777 Utica
1132 3724 1297 3776 stans
1320 3716 1399 3777 ad
1428 3716 1740 3786 anchoras,
1770 3714 1916 3798 quid
1953 3715 2188 3776 consilii

274 3809 505 3870 Catoni
524 3819 676 3871 esset
701 3811 1194 3873 sciscitabantur:
1218 3811 1299 3872 ad
1324 3833 1387 3872 se
1412 3821 1724 3873 venturum
1749 3813 2067 3893 recepturi,
2085 3819 2190 3871 aut

270 3907 325 3966 si
360 3905 517 3966 ferre
550 3906 925 3969 obsidionem
956 3907 1333 3982 decrevisset,
1376 3910 1678 3993 suppetias
1717 3908 1918 3981 laturi,
1944 3910 2188 3990 quibus-

270 4020 413 4062 cum
440 4013 681 4084 possent
704 4007 911 4086 copiis.
995 4006 1178 4078 Cato,
1220 4007 1463 4068 retentis
1504 4006 1802 4087 paulisper
1839 4005 2187 4080 tabellariis,

270 4115 414 4160 cnm
440 4121 505 4161 se
530 4101 791 4180 digresso
816 4101 1110 4162 refrixisse
1138 4113 1533 4164 trecentorum
1562 4103 1844 4164 ardorem·
1869 4123 2187 4182 cognosce-

274 4205 389 4268 ret,
417 4196 532 4257 hoc
562 4198 756 4278 ipsum
782 4199 1105 4270 nuntiavit,
1134 4199 1325 4260 Utica
1342 4202 1570 4280 jubens
1606 4201 1928 4272 abstinere,
1953 4201 2186 4281 sibique

270 4293 622 4356 consulere:
667 4304 685 4332 ⁸
709 4317 774 4356 se
815 4296 1103 4379 quicquid
1144 4317 1251 4380 per
1296 4305 1613 4380 praesentes
1634 4296 2018 4359 difficultates
2049 4319 2186 4380 pos-

274 4400 388 4463 set,
430 4391 553 4454 fide
594 4413 705 4453 sua
738 4391 1074 4454 facturum?

364 4494 465 4553 47.
511 4490 763 4552 Interim
807 4500 873 4553 et
928 4493 1007 4552 ab
1048 4491 1347 4572 equitibus
1386 4491 1656 4574 praesecti
1702 4503 1820 4554 tres
1870 4493 2187 4567 affuerunt,
