3300 5234
854 629 1065 680 mam
1112 629 1327 680 cxiv.
1368 628 2019 682 evertamus-run.
2382 611 2558 682 5297

312 769 475 844 lites,
492 779 689 832 tamen
708 771 1207 854 quemadmodum
1226 782 1435 835 contra
1454 773 1647 836 levem
1669 782 1736 835 et
1751 780 2224 835 concursatorem

316 869 547 930 hostem
582 891 645 930 se
680 879 1003 942 tuerentur,
1030 880 1315 954 tanquam
1340 869 1559 933 lanista
1598 871 1815 932 tirones
1837 870 2010 942 solet,
2047 891 2226 932 accu-

318 975 449 1026 rate
484 966 975 1034 docere.coactus
1008 977 1115 1030 est.
1201 968 1311 1030 Ad
1349 969 1463 1030 hoc
1496 989 1577 1030 ex
1612 969 1860 1047 singulis
1895 966 2229 1048 legionibus

317 1071 611 1124 trecentos
639 1065 901 1144 jubebat
940 1065 1253 1146 expeditos
1294 1065 1593 1138 incedere,
1639 1084 1890 1145 quorum
1939 1084 2124 1124 onera
2166 1073 2232 1124 et

318 1162 568 1220 sarcinae
589 1180 628 1221 a
646 1161 1145 1222 commilitonibus
1165 1163 1576 1243 portabantur,
1597 1171 1687 1234 ut,
1707 1163 2015 1242 ingruente
2033 1161 2226 1233 hoste,

314 1266 531 1336 praeto
570 1267 765 1318 essent
789 1259 893 1338 qui
930 1259 1343 1339 objicerentur.
1430 1259 1593 1320 Haec
1636 1258 1952 1338 diligentia
1995 1267 2226 1318 tantum

314 1352 696 1414 emolumenti
715 1355 891 1414 rebus
910 1357 1041 1435 ejus
1062 1355 1285 1428 attulit,
1313 1364 1379 1417 ut
1402 1375 1561 1436 saepe
1582 1365 1870 1426 tentatus,
1897 1375 1936 1414 a
1959 1354 2228 1415 Labieno

313 1451 661 1530 prasertim,
698 1451 887 1512 multo
921 1453 1055 1533 plus
1078 1453 1281 1514 damni
1314 1452 1490 1514 daret
1521 1454 1814 1525 hostibus,
1853 1473 2036 1532 quam
2067 1453 2228 1514 acci-

314 1555 509 1626 peret:
538 1567 729 1628 neque
747 1568 824 1608 eo
842 1551 1039 1610 minus
1048 1549 1367 1630 plerasque
1388 1549 1824 1630 expeditiones,
1844 1569 1966 1630 quo
1983 1548 2229 1612 volebat

310 1651 551 1716 eventu,
588 1643 830 1705 faceret.
2171 1689 2180 1698 ·

312 1783 323 1792 .
396 1746 499 1800 33.
543 1741 713 1802 Nam
735 1749 950 1823 praeter
972 1742 1231 1802 hostium
1254 1751 1452 1803 castra
1474 1741 1674 1804 ductis
1699 1742 2034 1822 legionibus
2053 1741 2226 1823 oppi-

310 1834 459 1896 dum
485 1837 701 1898 Zetam
724 1839 919 1920 cepit3
966 1858 1161 1919 neque
1186 1839 1289 1900 diu
1316 1849 1453 1921 post
1478 1838 1808 1900 Sarsuram.
1885 1839 2230 1900 Vaccenses

308 1941 513 1994 tamen
536 1955 673 1994 cum
698 1933 1035 2015 praesidium
1060 1955 1098 1995 a
1120 1935 1361 1996 Caesare
1385 1935 1688 2017 petissent,
1709 1937 2054 2018 priusquam
2073 1933 2227 1995 illud

310 2033 669 2110 perveniret,
696 2053 737 2093 a
768 2053 905 2112 rege
945 2032 985 2093 J
990 2034 1109 2093 uba
1146 2053 1347 2094 omnes
1381 2033 1459 2096 ad
1500 2038 1684 2095 unu'm
1729 2034 2024 2096 interfecti
2065 2043 2224 2106 sunt,

308 2127 597 2208 oppidum
634 2128 933 2211 direptum
976 2129 1373 2213 deletumque.
1475 2132 1619 2193 Nec
1659 2131 1796 2192 ideo
1833 2132 2028 2193 minus
2063 2131 2224 2192 Tha-
2279 2125 2469 2183 30²¹*-

307 2223 621 2298 benenses,
648 2227 728 2286 ad
752 2247 916 2288 mare
940 2229 1059 2288 sita
1092 2247 1210 2288 non
1246 2248 1465 2308 magna
1499 2229 1735 2301 civitas,
1763 2249 1802 2288 a
1827 2248 1964 2307 rege
1989 2227 2226 2290 defece.-
2249 2197 2444 2307 ¹122?
2445 2195 2550 2306 2:-

308 2329 471 2392 runt,
497 2324 695 2384 occiso
728 2321 889 2404 quod
926 2325 1012 2384 ibi
1050 2322 1245 2384 fuerat
1278 2323 1590 2406 praesidio:
1632 2325 1851 2404 quibus
1890 2325 2226 2406 petentibus
2249 2321 2314 2374 B.
2335 2322 2446 2372 Ast.
2533 2391 2538 2396 ,

306 2416 609 2480 auxilium
654 2419 861 2481 Caesar
903 2422 997 2483 M.
1039 2421 1315 2502 Crispum
1356 2422 1658 2482 tribunum
1698 2441 1840 2482 cum
1878 2421 2122 2482 cohorte
2164 2433 2228 2486 et

304 2515 633 2594 sagittariis
676 2519 1099 2600 tormentisque
1148 2517 1553 2601 compluribus
1602 2520 1784 2580 misit.
1887 2519 2016 2579 Sub
2066 2517 2226 2580 idem

304 2621 549 2694 tempus
598 2633 771 2676 novae
808 2616 1000 2696 copiae
1042 2623 1331 2677 venerunt
1365 2613 1445 2676 ad
1490 2616 1815 2687 Caesarem,
1869 2634 1948 2676 ex
1999 2615 2074 2675 iis
2119 2615 2225 2696 qui

306 2710 503 2771 morbi
538 2731 744 2783 causa,
774 2721 879 2772 aut
900 2722 1235 2774 commeatu
1263 2713 1576 2794 impetrato
1604 2713 1766 2794 prius
1803 2713 2080 2792 trajicere
2115 2731 2224 2773 ne-

304 2806 643 2887 quiverant,
690 2807 945 2870 militum
982 2816 1239 2890 quatuor
1272 2807 1484 2882 millia,
1524 2807 1936 2891 quadringenti
1971 2809 2224 2891 equites,

302 2903 675 2966 funditorum
712 2907 1267 2987 sagittariorumque
1303 2905 1489 2967 mille.
1571 2905 1769 2966 Tanto
1812 2906 2006 2986 magis
2038 2906 2227 2968 dabat

302 3021 575 3082 operam,
627 3011 695 3065 ut
742 3004 819 3065 de
862 3023 1093 3066 summa
1142 3023 1333 3065 rerum
1386 3003 1722 3075 dimicaret,
1768 3003 1882 3064 sibi
1927 3003 2224 3084 militique
2281 3005 2497 3058 Frontis.

304 3107 595 3160 veterano
620 3099 841 3162 fidens:
884 3109 969 3174 et,
996 3099 1141 3182 quia
1168 3101 1367 3162 hostes
1402 3121 1441 3162 a
1480 3099 1898 3162 munitioribus
1931 3098 2084 3161 locis
2118 3100 2220 3160 de·
2247 3071 2392 3186 ἓξὲξ·
2411 3077 2520 3125 ¹⁶⁸·

302 3193 452 3255 duci
478 3216 597 3257 non
632 3205 929 3280 poterant,
955 3195 1143 3278 pridie
1169 3195 1390 3258 Nonas
1413 3195 1650 3277 Aprilis
1691 3205 1890 3258 castra
1928 3197 2138 3269 movit,
2163 3207 2225 3259 et
2280 3202 2435 3278 Anat.
2453 3201 2518 3251 do

302 3290 569 3352 sedecim
590 3293 783 3354 millia
804 3311 1081 3376 passuum
1104 3293 1377 3354 celeriter
1410 3312 1698 3364 emensus,
1723 3291 1996 3354 obsidere
2017 3291 2221 3376 Thap·
2247 3267 2311 3318 Β·
2334 3266 2488 3318 Μησ·

304 3407 441 3449 sum
476 3390 747 3452 instituit.

388 3493 495 3550 84.
536 3486 810 3568 Thapsus
832 3488 892 3547 in
919 3485 1247 3568 peninsulae
1268 3486 1529 3566 speciem
1547 3485 1690 3545 binc
1709 3485 1881 3557 mari,
1899 3485 2037 3547 inde
2061 3493 2222 3567 stag-

304 3605 387 3645 no
404 3585 729 3644 salinarum
754 3585 1046 3644 ambitur:
1074 3585 1225 3644 inter
1246 3582 1411 3664 quod
1426 3591 1489 3644 et
1512 3601 1678 3641 mare
1700 3583 1804 3642 via
1821 3601 1939 3642 non
1966 3584 2224 3666 amplius

302 3681 475 3742 mille
500 3683 953 3762 quingentorum
983 3701 1261 3762 passuum
1286 3679 1756 3760 relinquebatur,
1783 3698 1964 3760 quam
2003 3680 2221 3763 triplici

304 3778 587 3861 prasidio
626 3781 949 3860 occupavit
991 3777 1221 3850 Caesar,
1250 3787 1319 3838 ut
1354 3776 1696 3858 Scipionem
1737 3797 1812 3837 eo
1853 3777 2068 3839 itinere
2111 3799 2220 3839 ex-

303 3875 600 3939 cluderet.
684 3877 769 3936 Et
796 3875 973 3936 affuit
994 3874 1125 3945 ille,
1150 3894 1225 3934 ne
1252 3873 1607 3934 fidissimum
1636 3874 1906 3955 partibus
1935 3875 2222 3955 oppidum

305 3995 417 4057 per
451 3993 743 4034 summum
782 3971 1045 4033 dedecus
1078 3970 1448 4032 indefensum
1474 3971 1870 4052 relinqueret:
1915 3989 2010 4041 ac,
2036 3969 2222 4032 decli-

304 4080 475 4142 nata,
524 4091 705 4152 quam
759 4069 1007 4130 videbat
1054 4069 1377 4139 obsessam,
1429 4069 1555 4139 via,
1597 4087 1778 4149 supra
1815 4075 2094 4146 stagnum
2140 4067 2221 4130 ad

305 4189 473 4230 mare
498 4187 703 4229 versus
722 4176 922 4227 castra
944 4167 1171 4226 munire
1192 4166 1391 4246 coepit.
1474 4163 1573 4224 Ea
1596 4183 1660 4222 re
1696 4163 1958 4242 cognita,
1989 4163 2220 4237 Caesar,

302 4287 445 4327 cum
471 4265 755 4346 pleraque
780 4273 949 4346 parte
976 4264 1272 4326 exercitus
1294 4281 1369 4322 eo
1389 4259 1735 4321 contendit:
1779 4268 2006 4341 partem
2037 4261 2221 4322 etiam

305 4363 513 4424 classis
538 4361 617 4422 ad
642 4361 811 4421 littus
836 4357 1119 4438 accedere
1145 4359 1349 4438 jubet,
1376 4365 1439 4417 et
1473 4357 1740 4417 hostibus
1775 4375 1814 4416 a
1841 4365 2010 4435 tergo
2033 4365 2222 4418 terro·

306 4479 433 4520 rem
458 4459 741 4519 incutere.
822 4456 919 4519 At
958 4455 1185 4538 Scipio,
1211 4463 1381 4537 parte
1408 4453 1662 4516 militum
1697 4453 1776 4514 ad
1811 4473 1964 4535 opus
1987 4452 2220 4526 relicta,
