3300 5234
936 549 1145 600 unm
1195 549 1363 598 cm.
1406 550 2057 601 surrnsuuwruu.
2429 535 2606 602 49⁵5

380 702 648 765 noverat,
682 691 949 754 futurum
978 693 1204 775 aliquid
1240 696 1537 776 sperabat,
1564 716 1686 776 quo
1711 696 1814 758 ille
1839 696 1994 758 ultro
2019 695 2280 757 victoriae

378 792 749 852 occasionem
792 801 1205 873 corrumperet.
1289 791 1511 873 Neque
1545 793 1886 854 dubitatum
1922 803 2032 866 est,
2070 792 2284 854 lentius
2339 792 2428 844 cic
2401 811 2524 860 c.rp
2523 811 2555 844 0

380 889 882 968 periculosiusque
924 888 1181 950 futurum
1216 890 1443 950 bellum
1484 890 1686 963 fuisse,
1735 892 1846 952 nisi
1885 891 1978 952 M.
2008 891 2286 951 Petreius
2305 860 2398 909 3⁴³¹
2401 869 2484 910 ⁸⁰⁰
2489 866 2579 913 ·“0

378 994 441 1044 et
466 984 550 1046 P.
580 984 827 1046 Sextius
848 987 1113 1046 contanti
1131 986 1404 1047 Antonio
1420 987 1691 1048 stimulos
1715 988 1794 1048 ad
1821 1009 1952 1048 rem
1971 987 2284 1068 gerendam

380 1081 804 1144 admovissent.
864 1123 869 1128 ·

457 1187 521 1242 6.
563 1179 845 1246 Quaestor
872 1179 1127 1240 Antonii
1155 1179 1401 1241 Sextius
1424 1190 1582 1251 erat3
1614 1180 1893 1242 Petreius
1918 1181 2170 1261 legatus,
2195 1183 2286 1242 vir
2308 1191 2506 1241 Sallust.

378 1276 629 1338 mirifico
648 1278 735 1338 rei
755 1277 1030 1340 militaris
1052 1299 1185 1348 usu,
1211 1279 1315 1358 qui
1342 1278 1595 1360 amplius
1622 1299 1806 1338 annos
1829 1279 2076 1359 triginta
2100 1279 2284 1338 tribu-

378 1393 509 1446 nus,
553 1383 659 1435 aut
700 1373 1037 1454 praefectus,
1076 1383 1181 1434 eut
1218 1374 1469 1454 legatus,
1508 1385 1615 1436 sut
1648 1383 1862 1456 praetor
1894 1395 2031 1436 cum
2074 1394 2288 1454 magna

380 1469 573 1548 gloria
600 1472 661 1530 in
686 1471 953 1531 exercitu
980 1471 1193 1531 fuerat.
1280 1470 1463 1532 Unde
1488 1492 1716 1532 summa
1747 1473 1862 1552 ipsi
1891 1471 2048 1553 apud
2073 1471 2290 1532 milites

380 1568 736 1638 auctor-itan
766 1567 943 1628 simul
978 1589 1165 1639 amor,
1192 1567 1354 1649 quod
1380 1579 1627 1630 noverat
1653 1569 1986 1651 plerosque,
2025 1578 2088 1629 et
2111 1568 2290 1630 fortia

376 1683 579 1724 eorum
601 1663 765 1726 facta
786 1665 1037 1725 subinde
1060 1665 1595 1730 commemorabat..
1642 1665 1710 1726 Is
1733 1667 1934 1745 igitur,
1962 1665 2288 1746 exploratis

377 1763 673 1834 omnibus,
704 1763 871 1839 (nam
892 1761 1199 1823 Antonius
1224 1762 1475 1844 pedibus
1500 1782 1676 1842 aeger,
1698 1772 1804 1823 aut
1827 1763 2102 1824 simulato
2131 1783 2286 1824 mor·
2311 1783 2426 1834 Dio.
2461 1783 2582 1834 sm,

377 1858 483 1930 bo,
511 1859 718 1940 praelio
742 1879 861 1920 non
888 1859 1089 1939 affuit)
1116 1861 1344 1940 signum
1373 1879 1585 1941 pugnae
1612 1861 1936 1941 proposuit.

458 1962 519 2019 ¹7.
562 1955 899 2038 Nunquam
920 1965 1209 2018 certatum
1236 1965 1327 2016 est
1346 1956 1724 2038 pertinacius.
1810 1957 2092 2018 catilinae
2117 1977 2288 2019 exer-

321 2048 331 2062 '
376 2055 531 2114 citus
575 2073 917 2136 quanquam
953 2055 1177 2115 viribus
1214 2055 1447 2136 impar,
1484 2075 1623 2115 cum
1658 2055 1848 2135 perire
1887 2056 2290 2135 unusquisque

378 2151 587 2230 praelio
614 2173 795 2242 quam
820 2151 1111 2234 supplicio
1146 2151 1373 2223 mallet,
1410 2151 1612 2230 fugae'
1596 2171 1924 2222 immemor,
1963 2153 2090 2212 vita
2115 2152 2292 2213 citius
2315 2147 2530 2214 Appi²1²

378 2270 557 2330 quam
597 2249 733 2311 loco
770 2249 996 2332 depelli
1035 2252 1249 2332 potuit.
1334 2249 1605 2310 Manlius
1648 2251 1710 2310 in
1753 2250 1943 2331 primo
1977 2249 2288 2322 dimicans,
2311 2214 2444 2328 ἔῶῦ·
2443 2287 2512 2333 ,ει

378 2349 548 2428 post‘
532 2349 819 2428 insignem
844 2348 1065 2409 editam
1092 2368 1349 2430 pugnum
1374 2347 1611 2410 cecidit.
1696 2347 1992 2419 Catilina,
2023 2339 2157 2430 post
2179 2369 2290 2409 ex-

376 2443 570 2525 pletas
612 2446 757 2506 boni
792 2445 999 2506 militis
1038 2446 1523 2527 imperatorisque
1553 2465 1760 2506 omnes
1804 2454 2023 2526 putee,
2077 2446 2182 2506 ubi
2225 2465 2290 2506 se

378 2541 653 2602 relictum
678 2563 817 2604 cum
840 2545 1049 2654 paucis
1070 2542 1246 2612 vidit,
1275 2544 1333 2603 in
1359 2542 1816 2604 confertissimos
1846 2543 2042 2604 hostes
2067 2543 2288 2624 impetu

379 2636 565 2711 facto,
590 2639 769 2719 longe
794 2661 833 2700 a
850 2641 969 2701 suis
993 2642 1221 2701 occisus
1239 2647 1347 2702 est.
1434 2639 1637 2700 Ceteri
1661 2659 1898 2720 quoque
1923 2659 2148 2710 omnes,
2175 2638 2290 2699 tria
2311 2645 2406 2692 Liv
2407 2643 2518 2708 ,Ep
2521 2645 2578 2695 it.

380 2735 615 2796 circiter
652 2737 957 2798 hominum
994 2738 1208 2810 millia,
1256 2737 1333 2798 ad
1374 2758 1556 2798 unum
1598 2737 1915 2819 pugnando
1961 2737 2284 2798 interfecti.
2310 2709 2370 2758 ΡΙ
2375 2718 2443 2760 ‘¹‘
2481 2709 2602 2764 1³¹⁰*

382 2853 571 2914 neque
598 2835 912 2915 quisquam
937 2836 1227 2915 ingenuus
1250 2836 1399 2896 civis
1440 2844 1545 2895 aut
1564 2836 1716 2896 inter
1744 2834 2158 2915 praeliandum‚
2186 2842 2292 2894 aut
2312 2851 2448 2901 sm„
2449 2861 2511 2901 ..ς

382 2929 621 3010 msuga
650 2940 865 3013 captus
908 2939 1014 2992 est.
1102 2931 1201 2992 Ex
1233 2930 1599 2992 Antonianis
1622 2951 1860 3012 quoque
1887 2931 2047 2991 haud
2074 2951 2294 3012 paucos

382 3046 580 3108 pugna
618 3038 745 3088 tam
783 3026 1055 3111 pertinax
1096 3031 1403 3091 absumsit.
1488 3029 1792 3090 Antonius
1831 3049 1908 3090 ex
1949 3050 2024 3089 eo
2058 3017 2288 3110 praelio,
2314 3051 2431 3106 Dio

381 3124 525 3186 lieet
540 3127 765 3188 minore
792 3129 1047 3188 hostium
1074 3127 1385 3188 interfecto
1412 3147 1678 3198 numere,
1698 3148 1878 3208 quam
1895 3127 1976 3188 ob
1994 3146 2171 3207 quem
2192 3126 2290 3186 hic

382 3224 569 3285 bonor
610 3224 741 3286 dari
791 3235 1200 3298 consueverat,
1244 3227 1561 3308 imperator
1596 3235 1686 3287 est
1747 3224 2134 3307 appellatus3
2182 3225 2289 3284 tri-
2315 3214 2464 3332 1V8¹⁰
2477 3213 2598 3331 ξω(
2601 3245 2622 3262 ·

382 3322 664 3403 umpbum
690 3334 887 3384 tamen
908 3345 1029 3386 nun
1054 3325 1253 3406 petiit.

464 3427 523 3480 8.
567 3420 663 3480 At
688 3421 773 3489 Q.
804 3420 1089 3482 Caeeilius
1114 3421 1405 3481 Metellus
1433 3419 1708 3480 Creticus
1731 3439 1809 3479 ex
1837 3418 2071 3500 Apulia
2095 3439 2286 3479 rever·
2313 3431 2573 3494 Ευιτορην
2576 3446 2616 3480 ι.

380 3535 501 3588 sm,
535 3527 673 3578 ante
704 3517 861 3578 diem
890 3518 1203 3579 Kalendas
1224 3517 1437 3578 Junias
1459 3516 1833 3597 triumphans
1858 3516 2088 3576 Urbem
2115 3515 2285 3576 iniit.
2314 3529 2384 3576 Fa
2356 3527 2616 3592 maticepit.

380 3613 563 3673 serius
586 3635 768 3694 quam
792 3623 1108 3686 meruerat,
1134 3614 1216 3676 ob
1244 3613 1509 3693 ejusdem
1530 3611 1812 3694 Pompeii
1841 3609 2145 3683 invidiam,
2167 3631 2290 3693 qua
2313 3595 2465 3709 ⁰⁸3²}
2485 3593 2600 3644 Cat.

380 3719 445 3770 et
463 3710 700 3772 Luculli
724 3711 917 3773 fuerat
940 3712 1269 3795 triumphus
1292 3711 1643 3772 retardatus.
1704 3709 1870 3777 Quin
1897 3699 1960 3769 et
1985 3710 2286 3770 Panerem
2315 3723 2390 3773 ve
2393 3723 2520 3773 ll.1.1
2536 3726 2620 3772 84.

382 3807 857 3890 Iasthenemque
888 3809 1217 3892 praecipuos
1253 3808 1501 3868 Cretum
1529 3805 1734 3878 duces,
1771 3827 1848 3866 ne
1887 3807 1946 3865 in
1991 3805 2338 3886 triumpho‘
2312 3797 2362 3836 θ*
2346 3792 2468 3914 13⁴2·

378 3925 615 3966 currum
644 3907 883 3968 Metelli
918 3906 1341 3988 praeoederent,
1369 3926 1474 3986 per
1508 3904 1808 3986 quendam
1833 3903 2137 3964 tribunum
2161 3902 2287 3983 ple·
2315 3933 2389 3966 xx
2397 3932 2510 4004 xvi.

378 4003 475 4064 bis
498 4005 713 4085 eripuit
740 4004 1091 4117 Pompeius,
1118 4025 1255 4065 suos
1278 4003 1583 4064 dedititios
1604 4023 1732 4062 esse
1756 4009 2053 4063 causatus.

464 4108 527 4164 9.
573 4101 857 4166 Ceterum
893 4104 955 4163 in
996 4103 1167 4164 Urbe
1204 4105 1405 4184 capite
1445 4100 1731 4162 Catilinae
1761 4101 1910 4172 viso,
1949 4101 2116 4179 (nam
2141 4095 2289 4160 illud
2347 4105 2476 4164 Dio..

2315 4187 2536 4223 ΣΧΧἾΙῖἱι

470 4301 837 4382 Quanquam
887 4305 1073 4356 ovibu
1122 4301 1303 4368 impar]
1377 4304 1493 4353 volu
1498 4309 1633 4364 erut,
1663 4316 1928 4366 quanqum
1958 4305 2221 4353 daumero
2242 4304 2291 4350 et

376 4366 599 4418 Priores
632 4370 906 4432 editionum,
945 4371 1227 4434 Quanquam
1257 4375 1305 4420 et
1374 4369 1557 4418 viribus
1576 4368 1752 4434 impar.
1781 4367 1940 4417 Crev-

374 4433 579 4484 viribus.
644 4436 889 4487 Fortasse
924 4435 1305 4486 Freinshemius
