3300 5234
974 480 1181 531 Limu
1234 480 1459 531 cxix.
1502 476 1850 531 surrnsn
1865 480 2158 533 aurun.
2502 462 2678 529 5439

431 627 682 687 sarianae
729 627 891 687 necis
930 625 1251 689 vindicem.
1336 625 1533 706 Igitur
1574 625 1906 687 communis
1950 624 2162 685 salutis
2203 622 2348 684 mihi

433 726 720 806 vobisque
739 734 973 785 tantum
1002 746 1179 785 unam
1206 723 1497 806 reliquam
1535 724 1712 785 video
1740 725 1928 797 viam,
1955 724 2004 783 si
2033 732 2228 785 vestro
2253 721 2346 781 fa-

431 841 571 881 vore
596 823 967 882 consulatum
992 842 1343 902 consequar.
1428 820 1572 882 Nec
1612 822 1768 881 enim
1809 821 1980 881 aliter
2006 830 2112 880 aut
2144 840 2279 901 quae
2309 838 2348 878 a

430 929 675 1001 parente
698 940 832 980 meo
859 921 1173 1001 accepistis
1196 918 1554 989 confirmari,
1582 928 1690 980 aut
1713 939 1850 999 quae
1875 938 1913 978 a
1939 912 2034 977 me
2061 925 2346 998 expecta-

428 1016 506 1076 tis
530 1015 785 1099 persolvi
810 1018 1083 1098 quibunt.
1170 1015 1293 1076 Sed
1334 1026 1402 1077 et
1438 1015 1517 1076 ad
1558 1015 1864 1097 publicum
1903 1016 2148 1085 bonum,
2176 1014 2345 1094 quie·

424 1123 666 1195 temque
691 1115 899 1197 patriae
924 1135 1017 1173 res
1036 1114 1309 1196 pertinet.
1390 1112 1784 1174 Percussores
1823 1112 1978 1176 enim
2006 1111 2192 1195 patris
2216 1130 2346 1169 reos

426 1231 627 1291 agam,
653 1213 870 1293 quibus
910 1211 1183 1283 sublatis,
1219 1208 1356 1272 finis
1390 1210 1713 1292 aliquando
1752 1210 2018 1271 civilium
2046 1206 2341 1270 bellorum

424 1310 583 1370 erit.'

504 1412 607 1467 58.
649 1404 865 1466 Alacri
889 1404 1322 1466 acclamatione
1346 1405 1607 1466 militum
1638 1405 1769 1466 haec
1801 1412 2096 1485 excepta:
2139 1400 2340 1471 delec—
2365 1409 2482 1463 Dio.

420 1503 589 1585 tique
629 1505 829 1565 statim
871 1524 949 1564 ex
992 1504 1398 1585 promtissimis
1440 1512 1854 1565 veteranorum
1896 1501 2337 1584 quadringenti,

420 1600 525 1680 qui
560 1598 857 1679 legatione
896 1620 971 1661 ea
994 1600 1393 1680 fungerentur.
1479 1600 1637 1661 Cum
1677 1608 1876 1681 patres
1913 1608 2153 1660 oetatem
2197 1601 2338 1663 (3ae-
2360 1607 2582 1677 Appu'sn.

416 1698 567 1757 saris
589 1706 972 1768 excusarent,
1008 1698 1381 1759 centuriones
1421 1696 1736 1777 legationis
1776 1697 2073 1779 principes
2110 1697 2337 1776 (edocti

415 1794 576 1853 enim
600 1798 794 1874 erant)
826 1794 1271 1876 responderunt,
1316 1803 1335 1831 ‘
1364 1802 1429 1854 et
1455 1792 1615 1877 apud
1644 1794 1919 1875 antiquos
1945 1793 2173 1866 Rullis,
2205 1795 2335 1858 De·
2402 1800 2511 1852 Cic.
2533 1800 2666 1855 Phil.

412 1890 547 1963 ciis,
575 1890 871 1963 Corvinis,
897 1891 1218 1972 multisque
1244 1891 1382 1952 aliis
1404 1890 1777 1983 consulatum
1799 1890 1980 1953 fuisse
2007 1891 2302 1953 creditum
2311 1914 2330 1964 ;
2357 1870 2617 1997 Χριξίᾎῗ*

412 1996 477 2048 et
516 1990 844 2050 recentiore
887 1990 1171 2051 memoria
1204 1990 1559 2071 superiorem
1598 1987 1979 2061 Africanum,
2011 1988 2334 2072 Titumque

412 2084 842 2160 Flamininum,
869 2085 1189 2147 admodum
1227 2085 1632 2146 adolescentes
1667 2085 1940 2147 consules
1973 2085 2186 2159 factos,
2215 2089 2332 2147 uti·

412 2180 533 2242 lem
583 2183 927 2264 reipublicoe
978 2202 1217 2263 operam
1270 2182 1649 2264 praestitisse!
1762 2182 2023 2263 Magnus
2088 2202 2331 2264 quoque

410 2278 745 2361 Pompeius
777 2290 841 2339 et
878 2277 1207 2341 Dolabella
1242 2278 1682 2358 allegabantur,
1720 2288 1900 2360 atque
1942 2280 2001 2338 in
2042 2278 2158 2339 hoc
2201 2280 2330 2361 ipso

412 2375 655 2437 Caesare
690 2377 914 2438 factum
950 2386 1188 2437 senatus
1222 2377 1551 2449 decretum,
1588 2397 1709 2461 quo
1743 2375 1946 2437 multis
1979 2377 2150 2437 annis
2190 2386 2328 2439 ante

405 2472 735 2553 legitimam
762 2484 1003 2535 aetatem
1029 2475 1279 2535 honores
1304 2475 1549 2556 petendi
1589 2474 1848 2534 facultas
1871 2494 2152 2536 concessa
2175 2484 2324 2539 erat.

410 2568 567 2631 Cum
593 2579 833 2653 propter
860 2572 1214 2651 gravitatem
1240 2572 1464 2651 negotii
1490 2582 1722 2651 tempus
1747 2570 2110 2641 traheretur:
2159 2571 2323 2653 lega-
2349 2582 2469 2636 Dio.

404 2670 477 2740 ti,
516 2678 585 2730 ut
618 2670 823 2731 moniti
860 2691 898 2729 a
938 2668 1177 2731 casare
1213 2678 1405 2741 erant,
1442 2670 1854 2752 impunitatem
1889 2681 2091 2751 petere
2119 2670 2320 2734 Anto-

404 2766 595 2829 niauis
618 2775 943 2849 coeperunt,
968 2776 1037 2827 ut
1058 2767 1346 2828 credibile
1371 2776 1486 2838 est,
1510 2788 1627 2827 non
1653 2776 1777 2827 tam
1803 2768 2161 2848 impetrandi
2184 2791 2318 2850 pro-
2379 2792 2394 2802 ·

402 2863 623 2947 posito,
669 2883 851 2945 quam
898 2863 979 2925 ad
1022 2863 1337 2924 tentandos
1380 2874 1618 2925 senatus
1664 2865 1916 2935 animos,
1958 2885 2036 2925 an
2087 2874 2151 2926 et
2197 2867 2318 2929 huc

402 2960 623 3023 adduci
652 2961 867 3043 possin
910 2969 995 3031 et,
1035 2961 1087 3021 si
1130 2969 1526 3033 succenseret,
1553 2962 1710 3022 hunc
1736 2980 2032 3022 armorum
2060 2972 2318 3043 praetex-

398 3068 525 3119 tum
552 3060 831 3121 habituri.
918 3056 1043 3130 Sed
1067 3058 1298 3119 elusum
1320 3060 1465 3119 satis
1482 3058 1798 3120 commodo
1824 3068 1956 3120 astu
1983 3060 2316 3141 periculum

398 3166 511 3229 est,
537 3156 981 3219 contradicente
1006 3157 1261 3229 nemine,
1286 3156 1390 3217 sed
1418 3177 1524 3240 pro
1551 3176 1770 3237 magno
1796 3157 2046 3217 aliorum
2074 3178 2318 3221 numero

396 3253 605 3314 eadem
652 3253 1087 3336 postulantibus
1127 3252 1440 3334 plerisque.
1545 3253 1730 3331 Unde
1773 3254 2051 3315 effectum
2091 3263 2204 3327 est,
2251 3266 2319 3317 ut

394 3351 549 3413 citra
574 3350 880 3424 invidiam,
908 3349 1618 3432 proptermultitudinem
1655 3350 1983 3423 hominum,
2011 3352 2226 3433 quibus
2251 3354 2310 3412 in

394 3468 580 3509 causa
622 3447 847 3529 dispari
892 3448 1061 3529 paria
1098 3446 1347 3509 concedi
1393 3456 1619 3509 rectum
1670 3468 1786 3509 non
1828 3458 2004 3518 esset,
2046 3458 2175 3510 tota
2218 3464 2313 3515 res

395 3546 785 3605 omitteretur.

477 3648 577 3704 59.
607 3642 779 3703 Inter
804 3641 915 3702 has
939 3640 1380 3712 altercationem
1402 3661 1539 3701 cum
1565 3640 1843 3703 ferociter
1866 3641 2053 3704 locuti
2072 3642 2310 3715 milites,
2335 3652 2549 3721 Appinn.

394 3751 574 3823 atque
600 3742 679 3801 ab
706 3739 1077 3801 senatoribus
1110 3737 1413 3799 nonnullis
1451 3739 1724 3819 increpiti
1749 3749 1966 3811 essent,
2008 3740 2202 3801 acrius
2229 3740 2307 3800 ad

391 3838 761 3899 consulatum
789 3835 1016 3897 Caesari
1040 3833 1481 3897 conficiundum
1518 3844 1886 3907 exarserunt,
1928 3845 1992 3897 et
2028 3837 2174 3917 quia
2216 3840 2305 3897 in-
2336 3848 2451 3899 Dio.

390 3937 645 3997 tromissi
684 3936 750 3995 -in
797 3942 1069 3996 senatum
1112 3954 1277 3995 arma
1316 3931 1737 4014 deposuerant,
1777 3942 1962 4014 caput
1995 3932 2308 4014 legationis

392 4033 705 4097 Cornelius
728 4033 1020 4106 centurio,
1056 4032 1225 4093 curia
1247 4051 1529 4111 egressus,
1570 4034 1845 4092 resumsit
1883 4030 2171 4110 gladium,
2207 4052 2304 4093 sa·
2365 4044 2562 4097 Suetnn.

387 4131 651 4211 guloque‘
672 4132 901 4211 rejecto
926 4128 1207 4211 capulum
1234 4127 1571 4199 ostendens,
1612 4138 1631 4165 ‘
1664 4128 1733 4188 Si
1776 4149 1884 4189 vos
1917 4148 2036 4189 non
2072 4127 2301 4189 dederi-
2328 4110 2567 4226 ῧῗξ·26·

386 4228 506 4300 tis,’
547 4229 761 4309 inquit,
805 4235 824 4263 ‘
854 4226 950 4287 hic
1000 4226 1211 4287 dabit?
1312 4226 1462 4293 Quo
1502 4234 1766 4307 tempore
1814 4224 2166 4287 Ciceronem
2208 4248 2299 4287 re·
2435 4213 2450 4229 ⁰

385 4324 687 4409 spondisse
715 4323 933 4394 ferunt,
977 4331 994 4359 ‘
1027 4322 1096 4382 Si
1120 4322 1235 4386 hoc
1264 4322 1442 4383 modo
1470 4323 1759 4405 petieritis
1773 4322 2000 4383 caesari
2027 4322 2297 4389 consula-
