3300 5234
794 553 1009 603 mnm
1056 553 1289 603 oxm.
1308 553 1980 608 1susrnsusnwu.
2317 541 2504 610 sm

352 702 459 756 412
502 693 627 756 Sed
650 713 787 774 ego,
813 695 1071 757 Caesaris
1110 703 1321 772 natura
1361 695 1708 776 diligentius
1745 716 2029 779 expensa,
2057 717 2176 778 non

258 790 561 865 dubitem,
591 793 953 854 redditurum
994 796 1235 858 omnino
1270 814 1406 855 cum
1444 793 1565 855 fide
1610 795 1812 868 fuisse,
1857 797 1908 856 si
1954 795 2178 856 diutius

264 887 389 950 frui
428 891 556 950 vita
595 891 899 971 potuisset.
984 889 1139 951 Nec'
1171 892 1331 952 enim
1368 891 1427 951 in
1468 893 1652 952 tantis
1691 893 1921 973 imperii
1961 893 2174 974 opibus

264 984 498 1059 deesse,
534 987 689 1048 unde
722 997 1199 1097 quantacumque
1238 989 1445 1050 debita
1483 989 1840 1100 quandoque
1867 1011 2172 1071 expunge-

252 1093 493 1154 rentur,
539 1093 807 1166 poterat·
850 1092 913 1144 et
954 1085 1079 1165 ipse
1115 1085 1325 1146 solitus
1366 1087 1566 1146 omnia
1621 1085 1798 1148 famae
1843 1087 2168 1168 studiisque

260 1182 571 1242 hominum
597 1191 969 1263 postponere,
990 1181 1095 1240 ubi
1120 1183 1495 1262 praesentium
1514 1191 1840 1263 temporum
1871 1183 2170 1262 angustias

262 1287 425 1340 esset
448 1279 765 1350 eluctatus,
802 1279 883 1339 ob
907 1278 1219 1360 pecuniam
1255 1278 1520 1360 profecto
1546 1281 1816 1341 amittere
1849 1281 1966 1341 ista
2001 1280 2166 1342 nolu-

258 1377 425 1438 ίωιιι.
510 1375 805 1436 Habebat
844 1385 1047 1437 autem
1088 1378 1221 1456 ejus
1260 1378 1347 1438 rei
1386 1378 1545 1438 hunc
1597 1377 1930 1449 obtentum,
1977 1386 2048 1438 ut
2088 1377 2169 1439 ad

256 1474 421 1534 hanc
444 1473 853 1534 necessitatem
877 1470 1220 1553 reipublicae
1238 1474 1603 1555 temporibus
1622 1473 1902 1534 adactum
1919 1473 2164 1546 diceret,

254 1572 441 1650 quus
482 1569 731 1629 utilitati
775 1567 1095 1630 facultates
1127 1588 1265 1630 suas
1308 1589 1513 1630 omnes
1563 1569 1962 1650 impendisset.
2057 1569 2162 1632 Ne

252 1675 461 1728 tamen
489 1665 567 1726 ad
592 1664 1059 1745 desperationem
1104 1665 1371 1745 adigeret
1406 1667 1749 1738 creditores,
1777 1688 1964 1728 novas
1985 1669 2160 1729 tabu·
2225 1687 2260 1736 s
2261 1695 2426 1738 um

254 1763 351 1824 las
376 1771 613 1844 petente
640 1763 815 1845 plebe
840 1772 1181 1824 constanter
1206 1765 1435 1836 abnuit,
1474 1785 1537 1826 se
1564 1785 1804 1845 quoque
1835 1767 2162 1826 obaeratum
2185 1751 2310 1869 gf·-
2334 1770 2380 1805 ⁰·
2403 1759 2487 1806 ⁴²·

252 1883 385 1924 esse
418 1862 719 1923 dictitans.
810 1861 853 1922 J
858 1863 1119 1942 ussitque
1158 1871 1499 1924 contentum
1534 1883 1660 1924 esse
1697 1863 1790 1924 his
1821 1883 1958 1945 quae
2001 1867 2162 1946 prius

252 1959 319 2018 in
345 1979 423 2020 ea
444 1979 629 2020 causa
651 1958 969 2018 statuisset.

334 2063 441 2118 42.
484 2055 639 2116 Inde
675 2056 1008 2136 proscripsit
1050 2056 1209 2116 bona
1234 2055 1643 2135 judicatorum
1667 2058 1960 2130 hostium,
1987 2059 2158 2123 hasta
2214 2081 2318 2132 cic.
2359 2083 2492 2136 Phil

249 2173 365 2235 pro
388 2153 519 2214 aede
538 2153 711 2214 Jovis
728 2153 957 2232 posita:
984 2161 1049 2212 et
1064 2171 1199 2212 cum
1226 2172 1301 2212 ea
1324 2152 1541 2232 cupide
1558 2161 1724 2214 emta
1747 2164 1944 2215 essent
1971 2159 2203 2237 aqui-¹
2184 2211 2248 2260 D
2209 2151 2354 2262 ¹0.2⁶·

246 2251 529 2321 busdam,
554 2251 660 2331 qui
693 2269 997 2330 nunquam
1022 2249 1148 2310 fore
1172 2251 1467 2330 putabant
1508 2258 1577 2310 ut
1616 2271 1654 2310 a
1697 2271 1760 2312 se
1799 2253 2156 2330 exigeretur,

246 2347 509 2428 ideoque
548 2347 743 2407 minus
776 2346 1013 2408 fuerant
1050 2344 1273 2406 soliciti
1318 2348 1527 2426 quanti
1567 2346 1960 2419 licitur-entur,
2009 2350 2157 2410 nihil

243 2445 533 2524 cuiquam
558 2442 799 2504 remisit.
886 2441 1055 2503 Inter
1076 2462 1227 2522 quos
1251 2451 1313 2502 et
1339 2441 1433 2502 M.
1464 2440 1790 2515 Antonius,
1818 2442 1934 2504 Cn.
1963 2444 2154 2506 Pom-

244 2541 367 2622 peii
402 2540 615 2620 Magni
639 2549 855 2610 sector,
882 2559 1017 2600 cum
1044 2539 1197 2598 tanti
1222 2538 1329 2598 viri
1348 2539 1617 2620 copiosas
1640 2538 1956 2600 facultates
1991 2541 2156 2603 brevi
2179 2551 2287 2605 Cic.

242 2639 657 2720 dilapidasset,
680 2637 1019 2719 appellatus
1044 2644 1151 2696 est.
1206 2635 1393 2696 Hanc
1418 2636 1704 2696 offensam
1729 2638 1960 2698 causari
1984 2638 2152 2699 dein-

242 2757 389 2818 ceps
410 2736 619 2796 solitus
642 2745 733 2796 est
756 2734 1083 2806 Antonius,
1120 2753 1257 2794 cum
1285 2732 1583 2794 Caesarem
1610 2732 1692 2795 ad
1721 2734 1946 2794 bellum
1979 2734 2152 2795 Afri·
2175 2750 2311 2804 Plut.

238 2855 461 2896 canum
488 2853 605 2894 non
630 2841 1007 2912 sequeretur.
1036 2830 1179 2912 quia
1203 2830 1319 2891 sibi
1342 2851 1449 2912 pro
1472 2831 1694 2892 meritis
1720 2832 2010 2912 prioribus
2035 2853 2150 2896 non

232 2931 455 2994 fuis-et
476 2931 671 3010 gratia
694 2929 947 2990 reddita.

320 3035 428 3088 43.
470 3027 753 3088 Ceterum
780 3023 1007 3086 Caesari
1032 3044 1151 3086 non
1174 3022 1491 3084 defuerunt
1513 3033 1694 3096 artes,
1721 3033 1784 3085 et
1805 3025 2068 3114 plebem
2086 3035 2148 3088 et
2171 3050 2288 3102 Dio

232 3127 437 3190 socios
456 3125 721 3188 victorioe
746 3123 881 3184 aliis
899 3123 1223 3186 rationibus
1241 3121 1619 3183 conciliandi.
1682 3122 1964 3196 Plebem‚
1993 3146 2146 3206 prae-
2204 3148 2266 3199 ci
2247 3166 2312 3202 ,α
2333 3151 2394 3200 ad

238 3233 329 3286 ter
374 3222 652 3284 ludorum
698 3221 1057 3301 voluptates,
1096 3221 1347 3280 remissis
1386 3239 1425 3280 a
1470 3229 1732 3301 tempore
1779 3225 1959 3304 coepti
2002 3223 2146 3284 belli
2171 3212 2306 3329 {³3¹²-
2331 3231 2387 3265 ¹¹
2393 3231 2433 3267 ¹·

238 3322 457 3392 usuris,
484 3329 547 3380 et
571 3319 1006 3380 habitationum
1031 3315 1361 3378 commodo.
1421 3314 1549 3382 Qui
1576 3318 1736 3378 enim
1753 3317 1988 3380 duobus
2013 3321 2147 3382 mil·
2171 3343 2289 3392 Dio

236 3418 403 3480 libus
426 3421 769 3478 nummume
809 3415 1137 3476 conductas
1159 3413 1557 3475 habitationes
1578 3414 1889 3487 haberent,
1920 3417 1991 3478 iis
2017 3415 2149 3478 Ro-
2173 3409 2404 3524 Οῗὲῑξῑθὲ·

233 3537 353 3578 mre
380 3517 555 3576 unius
584 3515 723 3575 anni
746 3512 1103 3583 mercedem,
1130 3513 1189 3571 in
1220 3511 1411 3572 Italia
1434 3512 1856 3591 quadrantem
1851 3517 1980 3593 ejus
2005 3537 2145 3578 con·
2203 3537 2336 3587 Gron
2307 3553 2402 3586 nvo

235 3613 509 3689 donavit,
520 3631 641 3693 quo
665 3612 961 3673 tenuiores
982 3610 1449 3672 sublevarentur.
1493 3610 1808 3675 Praeterea
1825 3612 2144 3692 publicatis
2168 3601 2436 3718 ξῗοΡθξΰῗ

234 3711 557 3774 multorum
583 3709 995 3780 facultatibus,
1028 3705 1405 3768 emendarum
1446 3727 1637 3768 rerum
1680 3710 1916 3790 copiam
1962 3719 2141 3790 atque
2166 3729 2282 3782 Dio

232 3809 531 3870 vilitatem
556 3808 853 3868 effecerat.
939 3805 1215 3866 Ducibus
1240 3805 1563 3885 amicisque
1588 3805 1710 3865 suis
1743 3806 1992 3866 honores
2017 3807 2141 3866 dis-

230 3907 465 3976 tribuit,
494 3903 685 3964 multa
718 3911 931 3983 praeter
955 3909 1215 3962 veterem
1250 3919 1493 3972 morem,
1520 3921 1643 3982 quo
1678 3901 1949 3981 pluribus
1985 3903 2138 3963 refe-

232 4004 433 4066 rendae
458 4002 665 4082 gratiae
690 4000 859 4061 locus
882 4009 1055 4071 esset,
1082 3995 1459 4058 instituendo.
1544 3997 1715 4057 Nam
1753 4007 1818 4058 et
1851 3999 2136 4080 praetoriis

230 4101 493 4164 comitiis
530 4097 740 4158 decem
778 4096 1006 4157 creavit
1049 4095 1291 4176 primus,
1331 4101 1395 4154 et
1432 4092 1781 4174 pontificum
1821 4113 2136 4173 augurum-

232 4221 349 4282 que
400 4206 465 4256 et
512 4193 1109 4276 quindecimvirorum
1153 4189 1417 4270 collegiis
1459 4191 1723 4270 singulos
1763 4190 2032 4252 addidit:
2073 4202 2136 4253 et

290 4379 553 4432 ‘Duobus
614 4375 826 4428 millibus
878 4373 1173 4446 smum]
1212 4375 1377 4424 unciis
1396 4377 1447 4424 6.
1471 4375 1738 4426 semuncia
1761 4379 1806 4426 1.
1846 4373 1987 4426 Creo.

228 4447 429 4498 Marcis
474 4445 683 4510 argenti
734 4440 1053 4494 nostratibus
1090 4443 1141 4490 7.
