3300 5234
878 560 1093 611 minu
1140 562 1389 613 oxvn.
1432 560 1776 613 summm
1792 562 2082 617 BN'I'UM·
2215 577 2222 583 “
2421 546 2597 616 5383

360 698 619 761 vinciam
642 708 865 782 petere,
890 722 1061 765 suum
1085 704 1375 767 auxilium
1402 705 1726 787 pollicitus.
1813 706 1940 781 Sic,
1965 706 2270 789 rogatione

360 796 441 857 ad
476 796 711 879 plebem
748 800 898 871 lata,
925 820 1035 863 nec
1067 804 1227 863 enim
1262 803 1564 884 impetrari
1597 806 1676 865 ab
1711 814 1920 866 senatu
1961 808 2268 887 potuisset,

356 912 453 955 res
494 896 805 957 confecta:
846 897 1061 959 frustra
1103 901 1493 963 obnuntiante
1537 902 1776 963 tribuno
1812 901 2004 983 plebis
2037 903 2268 985 Aspre-

358 1000 523 1066 nate,
548 1014 725 1074 quem
757 1004 999 1057 senatus
1020 998 1468 1071 subornaverat,
1492 1019 1735 1080 sperans
1761 998 2095 1060 Antonium
2119 1021 2268 1082 quo-

357 1108 497 1169 que,
526 1100 593 1151 ut
612 1111 913 1171 augurem,
936 1101 1001 1153 et
1019 1093 1363 1155 Dolabellae
1387 1115 1573 1176 nuper
1596 1094 2070 1169 infensissimum,
2095 1118 2270 1159 occa-

356 1186 519 1247 sione
556 1188 766 1250 oblata
798 1210 1053 1250 usurum.
1138 1189 1262 1251 Sed
1298 1191 1425 1263 ille,
1452 1192 1712 1271 graviter
1743 1201 2016 1274 correpto
2042 1193 2268 1275 Aspre·

356 1291 519 1355 nate,
546 1286 703 1345 mitti
730 1286 919 1346 tribus
951 1287 1011 1346 in
1037 1286 1321 1367 suffragia
1343 1288 1543 1368 jussit.
1626 1286 1786 1349 Cum
1813 1290 2118 1371 provincia
2138 1290 2269 1351 bel-

356 1378 487 1449 lum
516 1401 753 1463 quoque
778 1384 1135 1445 Parthicum
1162 1383 1391 1458 datum,
1418 1394 1479 1445 et
1503 1385 1764 1465 legiones
1788 1406 1946 1467 quoe,
1965 1389 2100 1467 ejus
2124 1386 2270 1447 belli

356 1496 560 1551 causa,
587 1480 897 1560 praemissae
926 1483 987 1541 in
1014 1481 1439 1558 Macedoniam
1460 1482 1720 1545 fuerant.

438 1580 539 1637 11.
568 1576 729 1637 Dein
747 1576 1051 1638 Antonius
1066 1578 1491 1641 Macedoniam
1508 1580 1872 1661 provinciam
1891 1580 2079 1661 petiit.
2123 1580 2266 1643 Nec

356 1670 475 1732 fuit
506 1670 747 1734 difficile
781 1676 1107 1753 negotium,
1130 1675 1305 1737 victis
1328 1676 1387 1736 in
1424 1674 1766 1737 Dolabellae
1791 1696 1974 1737 causa
1996 1678 2268 1738 omnibus

356 1790 495 1850 quie
528 1771 895 1833 obstiterant.
983 1770 1081 1833 Ex
1116 1772 1208 1833 his
1248 1772 1423 1834 rebus
1462 1774 1762 1855 apparuit,
1789 1774 1948 1833 bona
1977 1771 2096 1833 fide
2129 1794 2266 1834 cum

354 1866 589 1945 collega
612 1868 867 1929 reditum
890 1870 951 1929 in
980 1870 1232 1949 gratiam
1261 1870 1341 1929 ab
1359 1867 1633 1931 Antonio
1658 1888 1806 1941 esse,
1826 1870 1931 1951 qui
1953 1889 2068 1931 non
2089 1870 2270 1933 modo

355 1964 715 2027 Parthicum
753 1968 811 2026 ei
851 1966 1076 2027 bellum
1111 1965 1590 2028 demandandum
1624 1976 1888 2027 curasset
1901 1988 1920 2037 3
1965 1966 2072 2027 sed
2108 1977 2171 2028 et
2203 1969 2268 2028 in

354 2060 517 2123 illius
550 2064 802 2143 gratiam
842 2074 1207 2125 exarmasset
1242 2064 1689 2137 Macedoniam,
1715 2084 1896 2146 quam
1933 2066 2060 2146 ipse
2095 2064 2268 2126 habi-

352 2167 521 2219 turus
544 2161 909 2241 provinciam
936 2170 1083 2223 erat.
1168 2160 1263 2222 Ut
1289 2170 1487 2222 tamen
1512 2170 1890 2223 commutatae
1915 2162 2112 2243 potius
2129 2180 2268 2243 pro-

353 2258 593 2329 vinciae,
647 2279 826 2338 quam
878 2258 1132 2319 ademtae
1180 2259 1573 2340 Pompeianis
1621 2258 1981 2331 viderentur,
2028 2268 2270 2321 senatus

352 2354 617 2416 obtinuit
653 2376 761 2437 pro
802 2355 981 2439 Syria
1026 2355 1102 2418 G.
1140 2355 1351 2417 Cassio
1402 2355 1703 2437 Cyrenen,
1749 2375 1854 2436 pro
1901 2354 2268 2417 Macedonia
2291 2370 2424 2421 Plut.
2453 2370 2592 2424 Bm.

358 2452 455 2515 Μ.
497 2454 687 2515 Bruto
724 2453 969 2516 Cretam
1007 2454 1157 2515 dari.

438 2558 538 2611 12.
583 2550 747 2613 Haec
773 2552 1033 2613 Octavio
1058 2553 1335 2613 nuntiata
1351 2558 1489 2611 sunt
1506 2549 1670 2631 apud
1686 2549 2106 2611 Tarracinam:
2143 2570 2266 2631 quo
2288 2560 2506 2629 Appi-u.

353 2648 545 2727 magis
560 2646 674 2708 sibi
694 2648 1123 2731 properandum
1144 2650 1205 2709 in
1234 2647 1465 2707 Urbem
1476 2646 1813 2725 judicavit:
1855 2647 2265 2727 ominibusque
2290 2658 2395 2712 Liv.
2423 2662 2561 2726 Epft,

354 2746 649 2826 prosperis
669 2754 955 2826 exceptus
977 2752 1087 2806 est.
1156 2743 1314 2804 Cum
1337 2744 1493 2833 enim
1518 2744 1753 2803 circiter
1775 2744 1981 2803 horam
2007 2743 2264 2815 tertiam,
2289 2756 2323 2806 J
2327 2758 2395 2808 ul.
2405 2758 2592 2828 Obseq.

352 2841 577 2921 ingenti
604 2842 991 2903 circumfusus
1017 2841 1417 2913 multitudine,
1448 2860 1583 2920 quae
1609 2838 1790 2901 officii
1816 2860 1998 2900 causa
2025 2840 2268 2901 obviam

352 2946 484 2998 erat
506 2939 720 3011 effusa,
748 2938 1011 2999 Romam
1038 2940 1305 3008 intraret,
1330 2956 1507 3017 super
1530 2945 1717 3017 caput
1751 2938 1903 3015 ejus,
1930 2937 2092 2997 circa
2126 2936 2268 2997 solis
2290 2952 2592 3010 Velinum.

354 3036 559 3096 orbem
596 3056 767 3097 arcus
798 3035 1159 3115 fulgentibus
1192 3032 1379 3095 stellis
1412 3034 1471 3091 in
1496 3034 1754 3114 speciem
1781 3052 2011 3093 coronae
2035 3033 2265 3094 micuit.
2287 3016 2592 3073 P¹i¹¹·¹¹·²⁸·

354 3130 461 3193 Ac
494 3132 744 3193 subinde
778 3132 818 3191 J
822 3132 959 3193 uliae
997 3132 1253 3195 Caesaris
1286 3130 1429 3191 filiae
1462 3137 1906 3189 monumentum
1939 3130 2001 3189 in
2029 3128 2265 3211 Campo
2290 3084 2590 3225 ρῗέζςὶῗζ,

352 3229 602 3290 fulmine
637 3230 842 3291 ictum.
2286 3210 2403 3272 Dm,
2422 3230 2549 3267 nv.

438 3333 539 3389 13.
568 3325 767 3387 Credo
781 3326 875 3386 his
888 3346 1123 3407 quoque
1145 3324 1475 3387 excitatum
1492 3322 1951 3395 adolescentem,
1965 3330 2034 3382 ut
2047 3342 2266 3403 magno
2286 3278 2523 3409 Asssgzz‘,

356 3425 554 3485 animo
592 3424 893 3504 negotium
930 3431 1280 3505 capesseret.
1363 3419 1807 3481 Perseverabat
1839 3420 1999 3479 enim
2029 3418 2264 3481 dissua-
2289 3406 2516 3524 Azuetgfl·

353 3520 497 3583 dere
523 3521 724 3593 Attia,
750 3521 849 3581 cui
872 3540 1089 3599 magna
1114 3528 1245 3581 erat
1269 3539 1385 3579 non
1412 3526 1479 3578 ut
1503 3516 1680 3577 matri
1706 3516 1904 3589 modo,
1931 3516 2034 3577 sed
2072 3525 2141 3577 ut
2173 3538 2268 3577 se·
2287 3488 2503 3601 Apgiui.

320 3614 330 3624 “
354 3638 511 3679 verae
545 3616 934 3698 diligentique
969 3617 1316 3688 educatrici,
1344 3615 1505 3697 apud
1542 3614 1976 3675 adolescentem
2011 3615 2265 3674 auctori·
2287 3604 2572 3719 Οἳζῗοῖξτ

354 3722 480 3775 tas:
516 3724 579 3775 et
598 3714 933 3775 accedebat
947 3734 1083 3774 cum
1104 3713 1399 3795 Philippo
1413 3712 1627 3772 vitrico
1642 3712 1899 3771 sororius
1919 3709 2264 3781 Marcellus,
2289 3730 2430 3795 Eloq.
2449 3704 2590 3784 ,ΗΘΖ

356 3812 596 3873 minime
638 3810 1081 3873 contemnendis
1122 3810 1367 3871 adducti
1406 3809 1756 3879 rationibus,
1787 3817 1804 3843 ‘
1834 3805 1996 3887 quod
2035 3826 2266 3865 succes·
2289 3794 2591 3909 ‘'Nile-Dyma.

352 3874 529 3971 surus
558 3918 688 3970 erat
726 3910 789 3969 in
814 3909 1126 3971 clarissimi
1150 3906 1411 3987 ejusdem
1438 3905 1990 3985 invidiosissimique
2017 3902 2268 3963 nominis
2287 3870 2539 3991 fugff'mt‘

352 4006 786 4077 haereditatem,
814 4004 1143 4067 octodecim
1180 4023 1465 4064 annorum
1499 4002 1868 4072 adolescens,
1895 3999 1956 4059 id
1989 3998 2268 4080 temporis
2289 3989 2501 4057 Appiam.

355 4122 477 4184 quo
500 4105 655 4163 tanti
678 4104 791 4163 viri
815 4102 1011 4163 caedes
1032 4102 1343 4183 impunita,
1367 4118 1734 4181 percussores
1749 4098 1810 4156 in
1827 4097 2050 4156 honore
2073 4104 2136 4155 et
2153 4094 2266 4153 im-

356 4202 536 4282 periis
570 4190 784 4271 essent,
819 4208 883 4260 et
914 4200 1007 4261 his
1038 4199 1311 4260 omnibus
1339 4197 1666 4278 suspectior
1690 4194 2012 4264 Antonius,
2037 4210 2269 4252 summa

356 4298 628 4379 potentia
660 4296 907 4377 parique
939 4296 1239 4377 superbia,
1266 4295 1369 4375 qui
1400 4292 1591 4354 filium
1617 4291 1872 4352 Caesaris
1894 4308 2132 4371 peregre
2157 4288 2266 4348 ad·-

356 4396 695 4455 venientem
732 4414 845 4453 non
882 4392 1061 4453 modo
1095 4392 1283 4466 adire,
1310 4390 1417 4452 sed
1451 4410 1525 4451 ne
1558 4390 1789 4451 mittere
1811 4386 2052 4469 quidem
2079 4404 2266 4466 quen-

359 4510 557 4573 quam·
577 4512 813 4553 suorum
845 4490 1167 4553 voluisset!
