3300 5234
910 564 1121 615 mam
1172 560 1331 613 cxi.
1378 554 2036 613 suessanum-uu.
2409 541 2590 610 5206

332 710 455 771 tius
480 694 757 780 Murcus,
794 727 933 769 cum
972 705 1197 769 Bibulo
1238 715 1301 767 et
1337 706 1567 767 Libone
1606 704 1918 778 collocuti,
1961 706 2126 783 (nam
2149 702 2262 769 ‘his

334 826 523 879 mare,
550 805 673 867 illis
698 805 866 867 littus
891 804 1317 875 obtinentibus,
1358 804 1490 884 ejus
1524 805 1609 863 rei
1640 804 1898 865 facultas
1937 800 2260 878 inciderat)

336 907 398 966 in
448 924 617 987 spem
660 924 795 965 eam
844 910 1151 974 venerant,
1200 900 1431 983 aliquid
1486 899 1563 960 ad
1615 901 1993 961 concordiam
2045 898 2256 980 profici

333 1024 533 1086 posse,
560 1002 707 1085 quia
744 1000 1111 1083 Pompeiani
1146 999 1330 1060 duces
1366 1020 1583 1081 cupere
1620 1019 1758 1060 cum
1804 998 2046 1059 Caesare
2087 998 2254 1077 loqui

334 1102 639 1163 dixerant.
722 1097 961 1160 Idcirco
1000 1096 1226 1170 Caesar,
1272 1116 1409 1157 cum
1446 1096 1599 1157 forte
1655 1117 1791 1157 cum
1843 1115 1966 1157 uua
2020 1094 2254 1174 legione

336 1198 701 1259 Buthrotum
726 1196 1026 1278 profectus
1063 1196 1269 1257 literas
1304 1193 1637 1275 legatorum
1680 1194 2024 1276 accepisset,
2051 1193 2254 1253 statim

332 1295 587 1357 recurrit
612 1294 886 1355 Oricum.

418 1400 522 1454 15.
566 1390 690 1453 Sed
715 1412 850 1453 cum
878 1412 1069 1472 neque
1089 1389 1445 1452 Bibulus'ad
1464 1390 1832 1471 colloquium
1855 1390 2252 1471 processisset,

332 1498 401 1549 et
426 1488 579 1549 Libo
606 1489 956 1569 legatorum,
980 1509 1129 1569 quos
1155 1488 1363 1549 Caesar
1387 1486 1462 1549 ad
1492 1487 1856 1567 Pompeium
1889 1488 2122 1547 mittere
2148 1506 2256 1546 cu-

332 1587 567 1667 piebat,
608 1594 885 1667 prmtare
926 1585 1255 1667 periculum
1296 1583 1525 1653 nollet;
1585 1604 1661 1644 ne
1703 1583 1973 1645 inducias
2012 1582 2255 1664 quidem

332 1683 665 1745 concedere
687 1683 902 1755 voluit,
940 1683 1090 1743 nihil
1127 1682 1291 1743 aliud
1334 1683 1411 1742 ab
1450 1682 1721 1743 hostibus
1762 1682 1948 1761 quaeri
1971 1682 2254 1753 sentiens,

334 1800 523 1861 quam
548 1790 616 1841 ut
640 1801 799 1861 aqua
822 1781 1115 1862 rebusque
1144 1780 1276 1841 aliis
1312 1779 1529 1861 quibus
1572 1779 1942 1858 indigebant,
1983 1778 2258 1839 inducia-

333 1898 471 1937 rum
516 1878 786 1952 obtentu,
832 1878 1081 1939 classem
1117 1877 1448 1939 reficerent.
1531 1876 1704 1937 Nam
1745 1878 1903 1937 sicut
1936 1875 2026 1936 illi
2067 1896 2254 1948 mare,
2379 1914 2392 1927 ·

334 1975 431 2036 ita
450 1984 671 2036 terram
696 1978 755 2036 in
782 1984 1076 2058 potestate
1104 1976 1307 2037 Caesar
1337 1976 1622 2046 habebat,
1648 1975 2124 2054 stationibusque
2149 1994 2258 2055 per

335 2072 544 2134 littora
578 2072 893 2155 dispositis,
932 2094 1051 2135 non
1078 2074 1362 2155 aquandi,
1401 2094 1515 2135 nou
1544 2072 1834 2153 lignandi,
1861 2092 1937 2133 ne
1963 2071 2254 2151 religandi

335 2169 583 2251 quidem
620 2191 804 2230 naves
835 2154 1185 2231 facultatem
1220 2170 1429 2231 dabat.
1514 2168 1701 2229 Unde
1739 2178 1802 2229 et
1850 2167 1944 2227 M.
1975 2166 2252 2241 Bibulus,

335 2268 477 2327 cum
502 2266 563 2326 in
581 2287 811 2327 summo
828 2266 1045 2345 frigore
1066 2276 1131 2327 et
1150 2268 1351 2349 iuopia
1368 2287 1473 2347 per
1494 2265 1716 2327 multos
1739 2264 1888 2337 dies,
1909 2284 2254 2347 quanquam

335 2384 583 2445 corpore
610 2384 786 2443 aeger,
812 2363 1115 2424 discedere
1138 2384 1219 2423 ex
1254 2365 1506 2424 navibus
1544 2360 1753 2435 nollet,
1789 2382 1980 2443 neque
2019 2363 2104 2423 ibi
2148 2382 2254 2423 cu-

336 2462 456 2521 rari
478 2470 699 2541 posset,
727 2470 905 2521 aucto
928 2461 1136 2521 morbo
1160 2459 1321 2520 diem
1346 2480 1516 2519 suum
1542 2460 1714 2519 obiit.
1803 2458 1878 2518 In
1905 2461 2036 2538 ejus
2057 2458 2255 2518 locum

334 2557 623 2618 suffectus
656 2564 745 2617 est
783 2576 955 2617 nemo
979 2576 994 2617 z
1037 2555 1143 2618 sed
1182 2556 1428 2638 singulis
1462 2556 1751 2617 classibus
1785 2556 2112 2637 praepositi,
2146 2574 2256 2615 suo

336 2675 444 2715 eas
468 2655 717 2715 arbitrio
740 2656 1046 2734 regebant.

420 2758 525 2813 16.
570 2751 813 2813 Interea
850 2752 922 2813 L.
952 2751 1286 2824 Vibullius,
1321 2753 1427 2832 qui
1467 2750 1754 2812 mandata
1789 2750 2044 2811 Caesaris
2066 2770 2254 2830 expo-

338 2848 519 2911 nendi
559 2851 747 2911 otium
780 2848 1043 2911 nondum
1081 2849 1278 2910 fuerat
1316 2858 1545 2921 nactus,
1572 2869 1710 2910 cum
1753 2847 2052 2929 Pompeio
2079 2866 2252 2927 agere

336 2946 619 3007 instituit.
711 2946 799 3008 At
841 2946 941 3007 ille
973 2946 1303 3018 interfatus,
1348 2956 1367 2984 ⁶
1399 2945 1569 3014 Quid
1609 2946 1798 3020 mihi,’
1837 2946 2054 3027 inquit,
2101 2954 2120 2981 ‘
2151 2952 2258 3005 aut

340 3044 491 3115 vita,
520 3052 627 3105 aut
644 3044 887 3105 civitate
915 3064 1065 3126 opus
1083 3052 1196 3114 est,
1222 3064 1403 3124 quam
1427 3042 1724 3105 beneficio
1751 3042 2010 3104 Caesaris
2033 3041 2254 3101 habere

336 3139 627 3203 videbor?
655 3141 849 3222 Cujus
872 3144 957 3201 rei
974 3141 1175 3221 opinio
1199 3141 1329 3201 tolli
1345 3161 1461 3202 non
1482 3142 1721 3223 poterit,
1747 3161 1882 3203 cum
1903 3140 1964 3199 in
1982 3138 2254 3211 Italiam,

337 3256 417 3299 ex
446 3260 569 3320 qua
596 3239 895 3321 profectus
926 3232 1081 3311 suin,
1102 3237 1379 3300 reductus
1404 3240 1830 3313 existimabor?
1915 3235 2094 3298 Bello
2120 3256 2253 3317 per-
2347 3224 2354 3235 ⁸

338 3335 524 3408 fecto,
554 3335 761 3396 Caesar
804 3336 933 3397 haec
976 3336 1140 3396 dicta
1174 3336 1454 3415 cognovit
1491 3336 1569 3395 ab
1611 3336 1685 3395 iis
1709 3333 1812 3416 qui
1837 3333 2254 3395 interfuerant:

338 3432 735 3494 interfuerunt
753 3440 951 3493 autem
978 3431 1325 3493 Scribonius
1351 3433 1529 3504 Libo,
1558 3432 1628 3494 L.
1648 3432 1963 3504 Lucceius,
1989 3438 2054 3491 et
2071 3427 2253 3510 scrip-

338 3538 431 3591 tor
456 3530 834 3591 historiarum
858 3530 1269 3611 Theophanes,
1297 3532 1649 3610 quibuscum
1669 3550 1761 3590 res
1783 3530 2072 3590 maximas
2091 3546 2252 3587 com·
2279 3506 2544 3625 xffssflffi’f·

338 3628 644 3688 manicare
685 3627 1017 3710 Pompeius
1062 3635 1469 3687 consueverat.
1554 3624 1680 3687 Sed
1729 3635 1858 3688 tum
1902 3626 2085 3686 etiam
2131 3622 2252 3684 alio
2277 3646 2330 3687 et
2345 3636 2480 3691 alibi.

338 3722 608 3785 facinore
633 3723 997 3806 Pompeiani
1022 3723 1478 3786 declaraverunt
1502 3742 1766 3783 aversam
1793 3744 1833 3784 a
1855 3742 2005 3804 pace
2034 3718 2251 3783 volun·
2279 3704 2411 3755 0⁶⁸·

339 3830 549 3882 tatem.
634 3820 862 3883 Crebra
888 3822 1041 3883 inter
1074 3820 1294 3882 milites
1332 3820 1627 3902 utrimque
1663 3818 1966 3901 colloquia
2000 3818 2250 3892 fiebant,

340 3918 581 3980 modico
606 3918 975 3980 interfluente
1003 3940 1197 3981 amne.
1280 3918 1377 3980 Eo
1419 3918 1503 3979 P.
1530 3918 1848 3979 Vatinium
1885 3916 2068 3976 mittit
2110 3915 2251 3977 Οε-

340 4035 462 4091 sar,
493 4018 600 4098 qui
624 4037 839 4097 magna
862 4038 1009 4079 voce
1034 4018 1248 4099 saepius
1273 4016 1693 4100 proclamaret,
1720 4025 1740 4053 ‘
1766 4015 2077 4076 Liceretne
2103 4016 2251 4076 civi-

341 4112 455 4174 bus
480 4114 560 4175 ad
587 4115 749 4176 cives
772 4115 1002 4195 legatos
1026 4114 1104 4175 de
1130 4136 1278 4197 pace
1310 4117 1564 4187 mittere,
1600 4112 1764 4195 quod
1789 4112 2166 4196 praedonibus
2190 4120 2254 4173 et

343 4208 609 4290 fugitivis
634 4212 936 4274 licuisset?
956 4214 973 4241 ’
1016 4212 1394 4294 Responsum
1434 4222 1525 4274 est
1558 4213 1636 4273 ab
1679 4212 1868 4273 altera
1891 4219 2084 4295 parte,
2113 4219 2132 4246 ‘
2161 4208 2251 4270 A.

346 4308 681 4371 Varronem
708 4321 941 4393 postero
965 4309 1062 4372 die
1090 4310 1169 4373 ad
1193 4309 1555 4393 colloquium
1582 4308 1943 4372 venturum?
2025 4306 2254 4387 Agitur

350 4426 469 4466 uua
492 4405 674 4468 etiam
702 4410 1019 4490 utrimque,
1048 4408 1549 4489 quemadmodum
1568 4417 1701 4468 tuto
1727 4407 1910 4487 legati
1939 4406 2161 4478 venire,
2189 4416 2252 4467 et

351 4522 483 4583 quoe
520 4504 748 4569 vellent
784 4526 1082 4589 exponere
1124 4514 1382 4588 posaent.
1466 4504 1587 4567 Sed
1616 4524 1756 4568 cum
1782 4506 1842 4565 in
1867 4506 2250 4566 constitutum
