3300 5234
848 539 1051 588 ιιιιιιι
1104 535 2018 588 cxlv.·su1²rnnusw1·um.
2371 517 2550 587 m

294 703 517 754 sarem,
548 690 567 720 ‘
592 681 709 744 vah
730 683 747 740 l
765 683 781 710 ’
822 681 1037 761 inquit,
1065 691 1083 718 ‘
1114 689 1397 762 tanquam
1433 679 1747 743 adversum
1773 680 2003 742 virosl'
2081 679 2223 740 Jns-
2331 737 2346 748 ,

294 783 499 862 sisque
526 789 821 840 maturare
846 779 1239 850 senatoribus,
1258 778 1451 840 donec
1474 779 1766 839 haberent
1781 779 2048 859 equitum
2071 797 2222 861 prae·

294 877 541 948 sidium,
570 885 769 958 portas
804 876 1011 957 oppidi
1046 875 1287 947 clausit,
1322 895 1443 938 una
1477 885 1739 956 excepta
1773 877 2092 946 maritima,
2121 895 2224 957 per

298 995 483 1053 quam
536 973 845 1034 emittebat
895 971 1289 1042 discedentes,
1336 991 1517 1032 naves
1566 973 1892 1042 tribuebat,
1937 971 2226 1034 tumultus

296 1071 577 1141 sedabat,
606 1071 891 1131 viaticum
924 1069 1117 1130 dabat
1150 1071 1483 1148 egentibus.
1568 1069 1734 1130 Haec
1771 1080 2048 1149 agentem
2081 1089 2224 1129 con·

299 1177 599 1232 venerunt
646 1187 685 1228 a
738 1167 833 1228 Μ.
880 1167 1143 1228 Octavio
1188 1169 1373 1240 missi,
1418 1187 1554 1228 cum
1606 1167 1844 1229 duabus
1892 1167 2226 1247 legionibus

300 1265 468 1328 haud
506 1264 708 1348 procul
748 1265 937 1325 Utica
973 1263 1303 1325 consedisse
1344 1266 1704 1336 nuntiantes,
1733 1275 1916 1345 atque
1950 1273 2150 1346 petere
2187 1284 2226 1325 a

306 1363 567 1434 Catone,
592 1371 663 1422 ut
700 1382 901 1422 secum
942 1370 1249 1433 statueret,
1274 1371 1567 1442 quatenus
1604 1362 1916 1443 imperium
1951 1361 2228 1422 utriusvis

302 1481 435 1522 esse
478 1459 741 1519 deberet.
838 1457 1018 1518 Nihil
1059 1459 1152 1518 bis
1196 1455 1519 1539 respondit.
1614 1457 1740 1519 Sed
1785 1477 2104 1519 conversus
2147 1457 2228 1518 ad

305 1559 555 1628 amicos,
584 1566 601 1594 ‘
624 1556 709 1617 Et
728 1555 1027 1628 miramur,
1031 1557 1049 1584 '
1070 1556 1283 1637 iuquit,
1314 1565 1331 1594 ‘
1350 1554 1649 1636 quomodo
1675 1557 1822 1618 victi
1845 1555 2052 1628 simus,
2077 1575 2230 1636 quos

304 1677 383 1718 ne
408 1657 469 1716 in
496 1655 779 1716 extremis
802 1655 1042 1736 quidem
1068 1654 1289 1716 deserit
1314 1655 1597 1715 ambitio.
1578 1654 1623 1696 θ’

390 1760 493 1814 51.
536 1752 732 1814 Simul
778 1753 1119 1835 properavit
1157 1751 1238 1813 ad
1274 1753 1528 1833 equites,
1568 1753 1676 1832 qui
1713 1759 1930 1825 castra,
1967 1769 2104 1832 quae
2138 1750 2226 1810 fe·
2285 1763 2396 1813 Aue
2397 1769 2434 1814 t.
2470 1763 2533 1812 de

302 1859 473 1912 cerat
522 1861 659 1912 ante
709 1852 997 1934 oppidum
1050 1850 1232 1922 Cato,
1284 1871 1477 1930 eoque
1540 1850 1926 1929 commigrare
1989 1848 2226 1931 plebem
2251 1827 2316 1879 Β·
2337 1829 2449 1880 Ast·

310 1947 693 2010 Uticensium
748 1956 1045 2028 coegerat,
1092 1968 1469 2030 oppugnasse
1518 1948 1912 2017 dicebantur3
1976 1957 2042 2007 et
2089 1945 2227 2008 inde
2253 1967 2390 2019 Plut

306 2049 531 2130 repulsi
582 2049 855 2131 irrupisse
908 2051 969 2109 in
1021 2049 1331 2130 oppidum,
1376 2047 1698 2129 multisque
1743 2046 2091 2119 interfectis,
2136 2046 2227 2106 di·

306 2146 498 2226 ripere
531 2145 757 2206 domos.
840 2145 939 2205 Ut
972 2146 1151 2224 igitur
1187 2145 1297 2205 bos
1332 2153 1629 2204 averteret
1671 2164 1709 2205 a
1749 2145 1973 2226 rapinis
2011 2151 2074 2204 et
2109 2163 2229 2204 cae·

306 2241 508 2313 dibus,
546 2242 795 2321 singulis
832 2243 1133 2302 sestertios
1168 2249 1451 2302 centurn⁶
1492 2239 1682 2301 dedit.
1767 2239 1946 2300 Idem
1987 2239 2131 2300 fecit
2169 2247 2236 2300 et
2291 2245 2440 2296 Auct.
2459 2241 2523 2292 de

310 2339 571 2399 Faustus
607 2337 796 2420 Syllae
836 2339 1020 2411 filius,
1048 2339 1311 2419 dataque
1348 2337 1629 2419 pecunia,
1655 2356 1792 2398 cum
1817 2337 1912 2398 bis
1935 2336 2234 2418 profectus
2255 2310 2320 2426 {f
2321 2309 2450 2426 nist·

304 2445 423 2498 est.
506 2435 791 2497 Praedam
826 2445 1025 2497 tamen
1055 2435 1429 2496 Uticensium
1456 2435 1698 2516 repetiit
1726 2454 1765 2495 a
1787 2433 2235 2496 discedentibus

308 2533 497 2604 Cato,
540 2533 786 2594 incitato
830 2553 1005 2593 cursu
1052 2541 1391 2593 assecutus·
1374 2577 1391 2592 .
1438 2541 1503 2592 et
1545 2551 1686 2593 curn
1731 2532 2081 2592 auctoritate
2121 2529 2235 2590 viri

304 2631 564 2713 permoti
600 2629 771 2711 primi
816 2630 1049 2690 ordines
1090 2629 1296 2690 ablata
1334 2629 1745 2701 restituissent,
1771 2629 1956 2690 ceteri
1995 2645 2234 2709 quoque

304 2729 689 2810 projecerunt
708 2737 905 2809 rapta,
928 2728 1077 2788 muti
1104 2747 1227 2810 prae
1251 2724 1499 2809 pudore,
1528 2736 1592 2786 et
1616 2726 1872 2806 dejectis
1895 2728 1954 2786 in
1989 2725 2233 2784 humum

302 2823 521 2888 oculis.
598 2823 756 2885 Tum
799 2825 961 2887 Cato
1002 2845 1271 2886 reversus
1308 2827 1371 2884 in
1410 2825 1617 2884 urbem
1660 2824 1852 2884 oravit
1891 2822 2232 2894 Uticenses,

306 2934 325 2964 ‘
358 2941 437 2983 ne
472 2924 747 2983 trecentis
786 2923 921 2984 irati
958 2933 1177 2996 essent,
1205 2923 1310 2983 sed
1348 2923 1742 2984 communiter
1771 2922 2236 3003 deprecarentur

306 3019 632 3080 Caesamm.
638 3020 655 3046 ’
740 3019 905 3081 Haec
940 3019 1099 3080 fatus
1138 3019 1668 3081 administrationis
1703 3019 1960 3080 rationes
1993 3027 2059 3079 et
2093 3022 2232 3082 reli·
2256 3041 2328 3091 Di
2327 3055 2375 3092 o

304 3137 435 3198 qna
470 3116 755 3189 reddidit,
793 3119 1247 3198 obsignavitque
1292 3117 1626 3198 pecuniam.
1711 3115 1889 3189 Mox,
1929 3115 2232 3198 profectus
2255 3139 2472 3206 Appiam

306 3213 391 3274 ad
433 3233 620 3287 mare,
662 3223 1019 3296 postremum
1058 3212 1347 3274 salutavit
1384 3213 1691 3274 abeuntes.
2255 3203 2388 3257 Plut.

392 3317 497 3372 52.
540 3311 795 3374 Duobus
830 3309 1181 3393 persuadere
1222 3329 1337 3372 non
1366 3310 1563 3392 potuit
1588 3321 1658 3372 ut
1681 3331 1723 3371 a
1745 3331 1810 3372 se
1835 3309 2233 3384 discederent,

308 3408 443 3470 filio
486 3429 618 3480 suo,
660 3418 725 3469 et
764 3407 1005 3469 Statilio
1045 3407 1337 3469 cuidam·
1398 3405 1678 3468 Statilius
1720 3406 1801 3468 ad
1845 3408 2234 3470 imitationem

312 3504 567 3566 Catonis
610 3515 819 3586 pectus
863 3504 1303 3566 obfirmaverat.
1397 3503 1589 3564 Filius
1630 3503 1924 3585 proficisci
1971 3505 2048 3566 ad
2095 3506 2235 3568 Cre·
2260 3520 2382 3576 Dio.

309 3621 507 3661 sarem
536 3602 763 3682 jussus,
802 3601 1187 3681 interrogavit
1220 3610 1475 3683 patrem,
1508 3609 1527 3639 ⁸
1552 3601 1720 3668 Quin
1757 3603 1936 3682 igitur
1977 3602 2132 3662 idem
2174 3611 2238 3663 et

310 3699 443 3780 ipse
466 3697 712 3770 faceret,
738 3699 791 3758 si
815 3697 1155 3759 faciendum
1180 3719 1307 3758 esse
1320 3697 1697 3776 judicaret?
1777 3697 1874 3758 At
1897 3698 2024 3771 ille,
2051 3711 2068 3736 ⁸
2094 3699 2237 3759 Dis·

312 3815 429 3876 par
470 3805 563 3856 est
602 3796 901 3876 utriusque
938 3803 1201 3856 nostrum
1244 3795 1418 3866 ratio,
1467 3793 1581 3854 fili.
1665 3793 1776 3854 Me
1817 3804 2021 3855 natum
2057 3805 2237 3875 atque

312 3891 637 3953 educatum
688 3893 751 3952 in
802 3891 1105 3964 libertate,
1151 3911 1493 3955 concessum
1540 3911 1579 3952 a
1622 3891 1760 3952 Diis
1803 3892 2241 3955 immortalibus

312 3989 540 4049 donum
589 3988 841 4070 prodere
890 3988 1105 4050 nefas:
1168 3997 1235 4050 tu
1286 3988 1579 4049 deteriore
1624 3987 1936 4070 republica
1981 3991 2238 4068 genitus,

314 4105 437 4146 non
476 4085 663 4147 debes
700 4105 971 4148 recusare
1018 4084 1419 4147 conditionem
1464 4095 1819 4166 temporum,
1861 4086 1923 4145 in
1967 4105 2104 4166 quae
2147 4087 2238 4147 in·

314 4181 561 4246 nidisti:
644 4181 889 4244 Monuit
924 4191 1147 4255 tamen,-
1178 4201 1253 4243 ne
1292 4203 1597 4265 capessere
1638 4183 2068 4264 rempublicam
2106 4185 2234 4245 vel-
2258 4198 2394 4250 Plut.

324 4335 409 4444 σε
441 4328 701 4381 Sestertios
727 4329 941 4396 centum]
985 4329 1119 4382 Tres
1158 4331 1336 4381 uncias
1370 4335 1630 4382 nostrates
1661 4329 1887 4396 argenti,
1918 4346 2151 4398 grossum
2187 4335 2235 4382 1.

368 4409 473 4447 rev.
