3300 5234
775 909 994 975 Appian-

803 1776 1006 1826 Sueten.

771 1839 906 1904 Aug.
928 1844 1008 1893 10.

1728 569 1799 617 Τ.
1844 568 2043 619 mvn

1184 719 1286 775 19.
1331 711 1417 775 Et
1451 711 1720 794 profecto
1754 715 1952 775 mirari
1984 714 2245 774 animum
2282 709 2669 776 adolescentis
2700 713 2999 783 convenit,

1103 811 1208 890 qui
1245 817 1440 870 tantas
1478 810 1775 890 impensas
1814 819 1939 871 tam
1976 808 2253 870 alacriter
2283 809 2529 882 faceret,
2566 831 2703 870 eum
2746 809 3001 872 Antonii

1103 907 1474 986 malignitate
1499 917 1560 968 et
1587 917 1827 968 senatus
1860 908 2024 969 varie
2056 917 2436 988 premeretur.
2518 906 2689 966 Nam
2728 907 3003 967 timentes

1099 1002 1216 1075 illi,
1243 1023 1340 1076 ne,
1368 1004 1624 1085 paternis
1647 1005 1863 1085 opibus
1886 1005 2223 1076 instructus,
2260 1003 2339 1065 ad
2370 1023 2571 1084 parem
2610 1003 2869 1084 aspirare
2896 1023 3000 1084 po-

1099 1101 1347 1162 tentiam
1385 1100 1590 1172 vellet,
1633 1101 1890 1182 perquiri
1931 1100 2203 1180 publicas
2242 1102 2548 1181 pecunias,
2588 1119 2725 1181 quae
2758 1099 3003 1160 fuissent

1099 1219 1280 1280 penes
1324 1197 1645 1269 Caesarem,
1688 1199 2009 1277 jusserunt.
2092 1197 2215 1258 Sed
2266 1206 2331 1257 et
2361 1196 2437 1256 de
2474 1197 2630 1276 agris
2662 1197 3002 1277 frequentes

1064 1333 1070 1340 -
1097 1297 1489 1357 movebantur
1521 1296 1955 1367 controversiae,
1991 1295 2127 1356 aliis
2170 1293 2319 1355 alios
2358 1295 2761 1375 repetentibus
2800 1295 2999 1376 priva-

1096 1392 1229 1463 tim,
1255 1401 1320 1452 et
1351 1393 1410 1452 in
1450 1390 1755 1473 publicum
1784 1411 1891 1451 eos
1922 1393 2027 1472 qui
2067 1391 2523 1473 proscriptorum
2548 1399 2729 1470 atque
2752 1391 2998 1452 exulum

1096 1488 1362 1549 fuissent.

1177 1592 1278 1646 20.
1323 1584 1566 1645 Harum
1603 1604 1797 1644 rerum
1824 1583 2064 1664 judicia
2092 1583 2253 1665 apud
2278 1583 2617 1644 Antonium
2648 1583 2867 1665 ipsum,
2894 1593 2999 1645 aut

1095 1682 1385 1761 collegam
1411 1683 1541 1761 ejus
1564 1681 1973 1754 Dolabellam,
2000 1682 2346 1761 agebantur.
2409 1681 2593 1748 Quod
2610 1683 2660 1741 si
2680 1683 2787 1762 qui
2810 1691 2877 1744 et
2894 1682 2997 1743 alii

1095 1781 1472 1858 magistratus
1505 1779 1888 1858 judicabant,
1928 1778 2186 1840 Antonii
2219 1778 2614 1861 prepollebat
2652 1781 2995 1852 auctoritas,

1095 1879 1198 1956 qui
1224 1896 1296 1935 ne
1323 1875 1743 1936 translatitium
1767 1875 2007 1958 quidem
2044 1875 2407 1937 adolescenti
2421 1877 2527 1955 jus
2544 1874 2675 1936 ulla
2700 1876 2761 1935 in
2779 1897 2847 1936 re
2868 1878 2995 1937 sine

1092 1973 1364 2053 pactione
1409 1972 1767 2052 gravissim-«e
1816 1972 2100 2033 mercedis
2134 1972 2526 2053 impertiebat.
2610 1971 2779 2037 Quin
2820 1982 2884 2033 et
2934 1975 2993 2038 iu

1092 2069 1427 2130 cohaeredes
1471 2072 1604 2150 ejus
1645 2068 1868 2130 similes
1906 2071 2351 2131 intentabantur
2396 2071 2596 2142 minae,
2640 2079 2993 2151 senatumque

1090 2167 1427 2228 consultum
1451 2165 1907 2249 proferentibus,
1936 2189 2057 2248 quo
2080 2167 2335 2228 Caesaris
2372 2174 2511 2228 acta
2534 2176 2664 2228 ma
2688 2167 2993 2228 habeban-

1090 2271 1207 2335 tur,
1233 2263 1536 2344 raepondit
1558 2262 1885 2334 Antonius,
1930 2263 2035 2324 ‘id
2058 2263 2235 2324 fuisse
2257 2263 2511 2345 tempori
2534 2262 2765 2333 datum,
2796 2273 2859 2325 ut
2886 2285 2991 2345 po-

1091 2359 1232 2440 pulo
1272 2360 1653 2422 tumultuanti
1696 2359 2024 2420 satisfieret.
2103 2358 2386 2420 Ceterum
2430 2379 2622 2440 neque
2664 2359 2841 2420 rebus
2874 2361 2993 2420 suis

1087 2475 1288 2518 carere
1313 2477 1551 2539 aequum
1569 2478 1697 2518 esse
1720 2477 1825 2518 eos
1843 2459 2061 2538 quibus
2079 2457 2333 2518 ademtae
2350 2477 2455 2538 per
2474 2457 2752 2535 injuriam
2774 2467 2989 2529 essent,

1087 2566 1150 2615 et
1175 2565 1428 2616 mentem
1472 2557 1669 2637 potius
1706 2565 1945 2616 senatus
1970 2575 2153 2636 quam
2192 2555 2379 2616 verba
2414 2555 2669 2636 spectari
2694 2565 2989 2636 oportere.

1085 2651 1170 2712 Se
1210 2662 1408 2713 tamen
1461 2652 1697 2712 illorum
1742 2653 2041 2732 portiones
2082 2651 2443 2724 relicturum,
2484 2652 2535 2711 si
2580 2651 2915 2731 exegissent
2952 2672 2991 2711 a

1089 2746 1352 2820 Caesare,
1396 2751 1570 2828 cujus
1610 2749 1903 2808 lubricam
1938 2757 2175 2810 aetatem
2214 2748 2403 2810 nollet
2438 2749 2635 2808 nimiis
2674 2750 2887 2830 opibus
2906 2744 2986 2811 ad

999 2826 1012 2835 ς
1083 2865 1253 2906 suum
1277 2846 1735 2926 reipublicaeque
1776 2846 2103 2926 periculum
2136 2846 2463 2907 concitari)
2543 2846 2703 2906 Post
2722 2845 2853 2907 haec
2878 2847 2987 2927 igi-

1085 2950 1182 3002 tur
1227 2943 1311 3009 Q.
1335 2943 1570 3002 Pedius
1605 2951 1671 3002 et
1712 2941 1784 3002 L.
1826 2942 2113 3003 Pinarius
2138 2951 2337 3025 partes
2374 2962 2509 3003 suas
2532 2952 2885 3023 receperunt
2908 2945 2984 3004 ab

1084 3038 1445 3110 Octaviano,
1464 3059 1588 3120 quo
1612 3037 1849 3098 interim
1874 3038 2137 3119 periculo
2174 3039 2660 3112 subducerentur,
2688 3059 2832 3100 mox
2868 3041 2981 3100 usi-

1082 3134 1194 3195 bus
1219 3137 1350 3214 ejus
1374 3135 1630 3196 libenter
1658 3132 1966 3195 reddituri.

1160 3240 1262 3294 21.
1305 3232 1546 3292 Horum
1587 3231 1829 3311 adjutus
1872 3229 2309 3301 benevolentia,
2350 3229 2627 3290 toleravit
2668 3232 2983 3294 immensos

1078 3339 1303 3389 sumtus
1327 3328 1622 3400 ludorum,
1664 3329 2051 3409 omnibusque
2084 3328 2494 3392 occasionibus
2528 3329 2819 3406 insignem
2852 3332 2979 3390 aui-

1079 3427 1158 3484 mi
1185 3425 1643 3504 magnitudinem
1666 3425 1943 3485 ostendit.
2029 3423 2186 3484 Cum
2210 3425 2367 3484 enim
2388 3425 2722 3504 pecuniam,
2748 3445 2887 3505 quae
2902 3447 2977 3486 ex

1078 3523 1352 3582 auctione
1377 3541 1485 3581 sua
1519 3521 1920 3600 redigebatur,
1952 3520 2171 3602 populo
2210 3519 2525 3590 divisisset,
2565 3529 2627 3580 et
2650 3520 2849 3582 addici
2876 3544 2978 3604 pe-

1075 3619 1336 3679 tentibus
1359 3639 1449 3676 res
1473 3639 1608 3678 suas
1635 3618 1879 3678 minimo
1904 3618 2097 3699 pretio
2124 3617 2387 3695 juberet,
2428 3617 2575 3696 quia
2608 3627 2671 3676 et
2710 3637 2979 3680 nummos

1073 3715 1398 3776 festinabat
1419 3715 1725 3792 colligere,
1746 3724 1831 3784 et,
1859 3723 2095 3796 propter
2118 3723 2337 3773 metum
2356 3711 2742 3791 judiciorum,
2770 3715 2973 3775 vendi-

1072 3813 1294 3872 tionem
1321 3813 1692 3880 maturabat;
1732 3832 1808 3871 ea
1832 3813 1959 3891 ipsa
1986 3831 2075 3870 res
2100 3810 2155 3869 ei
2190 3829 2467 3888 magnam
2502 3809 2849 3871 conciliavit
2874 3813 2976 3872 bo-

1073 3910 1294 3968 minum
1341 3907 1837 3980 benevolentiam,
1880 3915 2097 3967 sortem
2141 3907 2349 3986 optimi
2386 3899 2783 3968 adolescentis
2824 3910 2978 3970 serio

1073 4007 1488 4066 miserantium.

1153 4111 1252 4164 22.
1293 4103 1630 4183 Postquam
1682 4110 1879 4162 autem
1911 4108 1974 4160 et
2012 4120 2185 4160 suum
2227 4101 2666 4181 patrimonium,
2708 4110 2773 4162 et
2806 4105 2970 4185 quic-e

1070 4200 1215 4280 quid
1242 4199 1480 4260 aliunde
1505 4198 1701 4258 fuerat
1724 4204 2096 4269 consecutus,
2122 4195 2225 4256 sed
2261 4207 2323 4257 et
2348 4197 2549 4256 matris
2576 4197 2793 4270 Attiae,
2816 4199 2967 4260 Phi-

1070 4296 1333 4376 lippique
1361 4296 1553 4356 vitrici
1585 4295 1997 4376 possessiones,
2042 4302 2165 4352 tum
2196 4313 2540 4352 concessum
2565 4293 2677 4352 sibi
2708 4315 2747 4354 a
2772 4295 2967 4356 Pedio

1069 4405 1131 4452 et
1185 4395 1438 4454 Pinario
1487 4392 1877 4474 quadrantem
1934 4389 2289 4450 Caesarianae
2340 4389 2704 4456 haereditatis
2753 4413 2965 4456 venum
