3300 5234
854 532 1061 585 unm
1108 534 1262 591 cvr.
1306 534 1960 591 surranunn‘ruu.
2341 522 2516 615 ⁶9⁸⁷

270 674 435 739 unde
460 696 577 739 nec
602 686 805 740 cetera
828 682 959 761 ejus
981 682 1169 743 verba
1196 682 1431 764 pondus
1452 681 1643 745 ullum
1665 683 2030 754 habuerunt,
2051 699 2190 743 cum

268 772 543 836 elevaret
564 762 951 837 barbarorum
980 778 1330 859 potentiam,
1349 779 1710 861 praemiaque
1737 779 1860 840 alia
1883 778 2188 860 promitte·

268 882 385 943 ret,
406 872 535 933 alia
556 882 1025 957 repraesentaret.
1093 874 1251 936 Tum
1272 896 1509 1033 quoque
1534 894 1610 937 ne
1636 876 1956 958 quicquam
1976 896 2183 936 occur-

270 979 431 1030 reret
472 980 703 1031 terrore
734 992 1011 1044 vacuum,
1036 974 1161 1053 ‘qui
1205 973 1409 1035 exerci
1436 974 1499 1033 ui
1542 974 1776 1034 cibaria
1812 972 2182 1045 dividebant,
2204 978 2344 1033 Plut.

268 1064 461 1126 lentes
486 1077 552 1128 et
578 1066 769 1127 salem
796 1068 987 1149 prima
1008 1068 1425 1151 ,praebuemnt3
1470 1090 1605 1151 qum
1630 1068 1842 1131 feralia
1864 1079 2001 1130 sunt
2019 1069 2183 1152 apud

268 1160 612 1236 Romanos,
638 1173 702 1225 et
724 1166 853 1226 vita
876 1165 1097 1227 functis
1120 1175 1518 1247 apponuntur.
1587 1166 1860 1240 ⁴Interea,
1885 1164 2182 1227 sacrificio

268 1270 587 1342 apparato,
613 1282 753 1322 cum
776 1271 923 1323 exta
946 1264 1395 1343 porricerentur,
1421 1262 1627 1347 elapsa
1650 1272 1788 1325 sunt
1811 1265 2184 1345 imperatoris

266 1357 545 1419 manibus
573 1378 592 1419 ε
656 1368 840 1441 atque
890 1360 993 1421 ille
1038 1362 1404 1421 consternari
1453 1382 1700 1423 cernens
1747 1362 1855 1441 qui
1905 1360 2177 1433 aderant,

266 1462 285 1489 ‘
304 1454 465 1515 Sunt
489 1456 671 1527 haec,'
698 1458 912 1539 inquit,
943 1467 962 1495 ‘
983 1460 1301 1520 senectutis
1330 1458 1744 1520 incommoda:
1784 1467 2044 1521 ceterum
2081 1478 2176 1520 ar-

264 1570 364 1612 ma
401 1553 875 1635 haudquaquam
908 1556 1195 1617 excident
1236 1555 1554 1619 manibus.’

340 1654 446 1709 32.
490 1650 832 1731 Postquam
870 1652 959 1712 ita
994 1662 1307 1735 superatus
1340 1663 1432 1714 est
1473 1652 1834 1739 Euphrates,
1875 1652 2172 1734 proxima,

262 1764 383 1824 qua
408 1746 619 1818 iretur,
647 1746 999 1811 deliberatio
1034 1748 1167 1810 fuit.
1246 1749 1455 1811 cassio
1480 1757 1544 1811 et
1568 1750 2022 1831 prudentissimo
2044 1749 2174 1809 cui-

260 1860 377 1919 que
402 1842 747 1916 videbatur,
778 1854 799 1881 ‘
822 1866 937 1906 non
969 1866 1095 1907 esse
1135 1846 1249 1907 nisi
1282 1845 1597 1928 explorato
1635 1844 2126 1927 proficiscendum
2151 1862 2170 1906 ε

258 1938 496 1999 interim
530 1941 595 1999 in
633 1940 841 2022 aliqua
882 1943 1141 2016 urbium,
1186 1963 1337 2023 quas
1382 1942 1674 2025 praesidiis
1713 1950 1964 2015 teneret,
2003 1942 2170 2003 refici

256 2037 590 2097 exercitum
628 2056 839 2119 posse:
882 2048 987 2099 aut
1020 2047 1181 2099 certe
1211 2041 1397 2119 juxta
1434 2040 1625 2121 ripam
1667 2038 1993 2121 Euphratis
2032 2057 2168 2120 per-

256 2132 521 2209 gendum
548 2131 905 2195 Seleuciam.
979 2133 1046 2195 A
1082 2133 1327 2195 flumine
1352 2144 1419 2196 et
1440 2144 1878 2219 commeatuum
1905 2135 2164 2215 copiam,
2188 2160 2307 2213 Dio.

252 2238 335 2299 et,
362 2249 445 2290 ne
488 2231 787 2293 circumiri
821 2233 900 2293 ab
938 2232 1207 2293 hostibus
1236 2242 1495 2313 possent,
1526 2234 1958 2293 munimentum
1997 2240 2166 2311 tergo

252 2325 397 2388 fore.
486 2326 824 2388 Seleuciam
862 2329 943 2390 ob
983 2329 1235 2391 Graecos
1268 2329 1496 2391 incolas
1529 2328 1692 2390 haud
1718 2326 2030 2390 difficulter
2059 2348 2164 2390 ac·

250 2441 553 2485 cessuram
595 2424 675 2485 ad
712 2434 929 2507 partes.
1012 2426 1168 2489 Inde
1211 2426 1503 2508 penetrari
1544 2426 1623 2487 ad
1671 2424 2122 2508 Ctesiphontem
2144 2426 2164 2454 ⁹

250 2520 351 2596 (ea
372 2529 509 2581 tum
538 2519 899 2583 Parthorum
928 2522 1092 2603 regia
1114 2526 1271 2603 erat)
1301 2531 1320 2559 ‘
1344 2522 1555 2605 posse.’

328 2622 433 2679 83.
480 2616 756 2679 Salutate
780 2618 1087 2679 consilium
1118 2640 1253 2680 cum
1277 2619 1623 2701 imperatori
1650 2639 1767 2679 non
1791 2616 2157 2699 displiceret,
2180 2656 2314 2709 PM·
2334 2657 2465 2713 nor.

248 2713 424 2775 dolus
460 2735 535 2777 ac
569 2714 820 2797 perfidia
857 2716 1149 2779 Osrhoiini
1183 2717 1435 2778 hominis
1469 2718 1722 2780 irritum·
1740 2715 1904 2777 fecit.
1987 2713 2160 2775 Sicut
2180 2724 2292 2775 Sex.
2313 2722 2437 2777 Rus.

248 2810 396 2881 inter
422 2832 595 2873 arma
613 2816 1033 2894 potentiorum,
1050 2816 1156 2895 qui
1179 2823 1318 2876 sunt
1342 2814 1672 2899 intercepti,
1687 2812 1984 2874 solicitam
2002 2831 2154 2873 sem-

248 2928 351 2988 per
373 2908 565 2971 vitam
592 2911 821 2991 degunt
828 2931 849 2982 ς
890 2920 955 2973 et
981 2930 1101 2992 quo
1130 2932 1195 2971 se
1229 2911 1523 2973 continuis
1546 2908 1830 2992 periculis
1852 2907 2156 2979 evolvant,

248 3004 503 3067 eundem
529 3016 817 3089 perpetuo
840 3028 1075 3069 cursum
1092 3007 1463 3070 consiliorum
1480 3008 1732 3068 retinere
1751 3027 1870 3068 non
1889 3012 2154 3087 possunt,

246 3102 345 3163 sed
368 3104 547 3165 velut
570 3106 631 3165 in
658 3106 957 3167 maritima
981 3114 1333 3188 tempestate
1360 3104 1639 3167 fluetibus
1657 3105 1962 3184 ventisque
1981 3103 2154 3163 obse·

246 3208 541 3278 quuntur:
585 3222 901 3283 parvorum
934 3202 1306 3283 quorundam
1340 3201 1694 3283 populorum
1718 3200 2034 3282 principes,
2061 3198 2152 3257 in·
2175 3233 2294 3285 mo·

246 3302 331 3355 ter
367 3317 524 3377 quos
564 3300 851 3381 praecipui
874 3298 1161 3379 Abgarus
1193 3298 1557 3369 osrhoenae,
1592 3306 1658 3358 et
1690 3295 2151 3358 Alchaudonius

246 3390 471 3465 Arabs,
512 3394 890 3477 Pompeiana
922 3396 1301 3478 expeditione
1339 3396 1403 3455 in
1436 3396 1760 3457 amicitiam
1785 3394 2031 3474 recepti,
2056 3391 2149 3452 di·-

244 3491 451 3566 gressis
474 3490 773 3556 Romanis
796 3495 876 3556 ad
901 3494 1165 3554 Parthos
1187 3491 1501 3555 redierant.
1586 3491 1711 3553 Sed
1735 3490 1987 3566 Arabis,
2009 3490 2151 3571 quia

244 3587 535 3666 professus
560 3591 787 3652 hostem
812 3600 966 3662 erat,
992 3590 1181 3653 levior
1202 3592 1423 3670 injuria
1446 3590 1579 3651 fuit.

320 3692 421 3747 34.
466 3687 775 3767 Abgarus,
803 3689 1069 3749 amicitia
1086 3688 1368 3749 simulata
1400 3686 1794 3768 pestilentior,
1818 3705 1957 3746 cum
1983 3683 2145 3745 Par·-

242 3782 355 3843 this
385 3784 677 3858 studeret,
706 3786 923 3847 Crasso
959 3785 1217 3847 adduxit
1252 3785 1503 3858 auxilia,
1538 3794 1603 3845 et
1646 3786 1984 3866 pecuniam,
2023 3802 2146 3863 quo

242 3880 341 3943 ille
363 3884 533 3945 visco
557 3882 843 3945 facillime
880 3885 1251 3967 capiebatur,
1278 3880 1603 3944 liberaliter
1626 3880 1818 3943 dedit.
1904 3880 2146 3948 Quibus

242 3980 411 4041 rebus
438 4000 579 4040 cum
614 3980 703 4041 ita
736 4002 801 4041 se
824 3980 1197 4053 insinuasset,
1224 3988 1292 4041 ut
1314 3978 1562 4041 consilia
1585 3978 1664 4039 de
1687 3998 1919 4039 summa
1947 3996 2139 4037 rerum
2164 3998 2298 4053 pm,

240 4094 369 4137 cum
408 4098 486 4138 eo
524 4078 1115 4151 communicarentur,
1142 4079 1323 4139 homo
1360 4084 1587 4137 astutus
1623 4096 1736 4136 nec
1767 4072 2138 4147 infacundus,

242 4180 259 4207 ‘
282 4172 520 4245 Miror,’
542 4174 760 4254 inquit,
788 4184 807 4211 ‘
826 4175 1167 4256 imperator,
1194 4172 1357 4256 quod
1380 4174 1496 4235 hoc
1521 4182 1647 4233 tam
1665 4180 1731 4233 et
1751 4192 2060 4233 numeroso
2077 4179 2142 4231 et

240 4266 405 4331 firmo
426 4272 697 4333 exercitu
715 4272 1055 4343 instructus,
1082 4290 1372 4354 apparare
1406 4269 1603 4332 adhuc
1621 4268 1932 4331 victoriam
1959 4286 2140 4347 quam

238 4388 439 4449 rapere
467 4370 673 4433 mavis.
760 4368 993 4435 Hostes
1014 4370 1170 4453 fugae
1196 4390 1377 4453 quam
1416 4370 1625 4452 praelio
1648 4368 1994 4451 paratiores,
2029 4366 2140 4427 nisi
