3300 5234
872 514 1087 563 unm
1134 512 1415 563 oxvnr.
1458 510 2112 565 surnnmnwruu.
2335 494 2338 501 '
2419 490 2598 557 5415

362 676 641 738 quorsum
676 656 737 717 in
782 654 996 718 Gallia
1040 656 1277 717 retineri
1324 654 1620 717 Brutum?
1690 655 1776 717 Et
1811 654 2114 715 decretam
2153 649 2273 711 sibi

362 754 731 835 provinciam
771 754 1031 834 ingresso
1077 752 1351 828 Antonio
1392 752 1810 815 dominationis
1853 753 2038 834 impin
2082 750 2096 764 ‘
2153 750 2271 811 cri-

362 851 542 911 men?
586 849 799 931 quue
838 858 1131 932 praetextu
1172 870 1237 910 se
1276 868 1515 931 quoque
1542 851 1603 910 in
1628 870 1766 911 eum
1793 848 2008 909 armari
2033 893 2048 906 .
2095 846 2271 907 Prae-

362 956 529 1008 terea
553 947 966 1021 Dolabellam,
998 968 1117 1009 uno
1142 968 1549 1030 percussorum
1572 948 1832 1009 Caesaris
1856 932 2170 1019 interfecto
2191 943 2268 1007 C.
2296 950 2432 1000 Infra
2442 962 2595 1002 cxxx.

363 1042 684 1118 Trebonio,
703 1046 961 1107 hostium
998 1066 1243 1107 numero
1265 1046 1512 1107 haberi:
1557 1044 1754 1107 Bruto
1796 1044 2124 1124 Cassioque
2161 1042 2272 1103 im·
2297 1021 2514 1146 kann·

364 1142 593 1223 perium
626 1144 1075 1225 amplissimum,
1114 1152 1589 1225 potestatemque
1626 1143 1688 1203 in
1731 1161 1936 1203 omnes
1977 1141 2130 1202 alios
2169 1141 2276 1223 qui

364 1240 701 1321 provincias
725 1241 802 1301 ab
829 1240 1009 1302 Ionio
1036 1242 1181 1303 mari
1204 1240 1287 1301 ad
1322 1242 1653 1322 AEgyptum
1691 1258 1877 1319 usque
1915 1239 2274 1311 obtinerent,
2326 1273 2334 1289 ι

364 1337 637 1399 concedi.
722 1338 1023 1420 Quorsum
1060 1337 1223 1399 enim
1270 1340 1387 1399 ista
1427 1338 1541 1398 nisi
1576 1337 1656 1400 ad
1692 1345 1890 1419 partes
1919 1336 2278 1397 attollendas

366 1432 774 1515 Pompeianas
800 1438 1087 1518 pertinere
1108 1436 1165 1496 'l’

448 1536 551 1591 25.
595 1530 951 1613 Reputabat
982 1540 1045 1593 et
1076 1530 1223 1614 quid
1256 1532 1373 1593 sibi
1409 1530 1714 1593 decretum
1752 1539 1910 1593 esset
1943 1531 2023 1592 ab
2045 1538 2276 1603 senatu,

364 1630 815 1710 reperiebatque
858 1638 1145 1711 tanquam
1186 1628 1631 1691 adolescentulo
1675 1627 1807 1690 fieri
1853 1627 2091 1689 fucum:
2133 1648 2278 1688 con·-

364 1724 505 1788 cedi
534 1726 825 1808 speciosa,
852 1736 1133 1799 statuam,
1160 1726 1427 1789 ordinem
1453 1728 1850 1799 senatorium,
1887 1746 2100 1787 nomen
2141 1746 2277 1808 pro-

366 1824 669 1905 praetoris3
716 1824 820 1901 (de
844 1824 936 1884 his
969 1824 1129 1884 enim
1166 1824 1341 1884 rebus
1356 1824 1499 1903 jam'
1516 1831 1833 1906 acceperat
1847 1826 1899 1904 3)
1937 1831 2002 1883 at
2039 1822 2280 1883 decreto

368 1920 457 1979 uti
481 1939 617 1979 cum
648 1920 989 1981 consulibus
1011 1918 1240 1981 bellum
1266 1919 1729 1993 administraret,
1756 1918 2084 1981 exercitum
2108 1938 2280 1979 suum

366 2017 543 2099 eripi,
586 2037 793 2098 parere
833 2026 1045 2079 coacto
1086 2019 1280 2097 majus
1316 2018 1627 2100 imperium
1665 2017 2086 2079 obtinentibus.
2168 2013 2282 2074 Ad

366 2113 497 2173 haec
535 2114 781 2195 praemia
822 2114 1065 2175 decreta
1102 2114 1513 2175 tantummodo
1548 2114 1650 2174 -his
1691 2114 1797 2194 qui
1835 2112 2283 2191 transfugissent
2373 2176 2382 2184 ,

369 2209 449 2269 ab
476 2208 770 2283 Antonio,
796 2230 913 2269 non
940 2210 1122 2271 etiam
1149 2210 1253 2291 qui
1281 2209 1584 2271 Caesarem
1609 2210 1798 2271 secuti
1825 2208 1932 2270 alii
1957 2210 2173 2280 essent,
2201 2206 2307 2280 ad¹

367 2326 535 2369 suam
576 2308 853 2389 injuriam
898 2310 1188 2390 pertinere
1218 2306 1577 2389 judicabat:
1620 2326 1812 2387 neque
1853 2305 2019 2366 aliud
2060 2304 2160 2384 agi
2200 2304 2282 2365 ab

362 2414 605 2479 senatu,
630 2426 813 2487 quam
836 2414 906 2466 ut
928 2421 991 2466 se
1017 2406 1095 2467 ad
1132 2402 1461 2466 tollendum
1487 2403 1824 2465 Antonium
1861 2389 2242 2465 abuterentur
2255 2420 2276 2471 3

368 2502 479 2565 illo
517 2503 777 2584 dejecto,
812 2524 876 2563 se
913 2524 1153 2584 quoque
1198 2502 1495 2565 tollerent.
1578 2500 1830 2561 Interim
1865 2509 1929 2561 et
1965 2500 2279 2581 imperium
2301 2506 2604 2560 Plinanafl.

298 2604 303 2607 ’
367 2602 627 2683 suscepit
654 2599 906 2681 Spoleti,
932 2610 996 2661 et
1020 2620 1129 2682 pro
1154 2620 1319 2661 more
1344 2619 1562 2661 novam
1587 2605 1943 2681 potestatem
1967 2598 2278 2678 auspican·
2336 2604 2541 2656 Sueten.

366 2698 519 2759 tium
546 2698 837 2759 immolari
864 2698 1066 2779 jussit.
1149 2697 1694 2780 Apparueruntque
1717 2678 1981 2765 omnium
2007 2693 2278 2755 victima-
2302 2668 2608 2800 *3¹:¹1be-

370 2815 501 2857 rum
530 2796 804 2875 jecinora
846 2796 1136 2877 replicata
1168 2796 1511 2857 intrinsecus
1538 2796 1617 2855 ab
1661 2796 1784 2854 ima
1822 2790 1996 2864 fibra,
2039 2810 2279 2871 respon·
2305 2798 2426 2849 Dio.

371 2912 621 2974 sumque
652 2912 693 2953 a
731 2894 987 2966 vatibus,
1030 2902 1048 2931 ‘
1078 2894 1236 2954 intra
1280 2910 1499 2953 annum
1540 2889 1976 2972 duplicaturum
2010 2908 2138 2949 esse
2173 2907 2280 2968 po-
2303 2864 2442 2915 Plin.

372 2991 641 3063 tentiam,
668 2990 1165 3072 quemadmodum
1190 2998 1335 3049 exta
1358 2988 1627 3069 duplicia
1649 2987 1939 3048 fuissent?
2019 2985 2126 3047 Sic
2153 2986 2281 3046 ani-

372 3096 570 3149 matus
619 3088 681 3147 in
724 3088 1071 3149 concionem
1135 3087 1376 3149 vocavit
1425 3083 1665 3158 milites,
1737 3083 2134 3164 ostenditque,
2180 3091 2198 3121 ‘
2216 3104 2281 3144 se
2305 3092 2521 3159 Appi-n.

372 3184 582 3246 horum
624 3186 808 3246 etiam
852 3206 989 3265 quae
1034 3185 1113 3245 ab
1154 3191 1363 3245 senatu
1404 3183 1706 3266 acciperet
1739 3200 1922 3241 causa
1955 3183 2180 3260 gratias
2211 3182 2284 3242 iis

374 3302 585 3363 agere:
626 3302 737 3345 nec
762 3284 919 3343 euim
944 3280 1187 3344 daturos
1218 3281 1277 3342 ei
1320 3280 1631 3363 imperium
1657 3288 1879 3361 patres,
1903 3279 2015 3339 nisi
2047 3279 2211 3359 prius
2243 3298 2286 3339 a

373 3378 665 3440 militibus
701 3380 1041 3441 habuisset:
1082 3398 1277 3460 neque
1316 3398 1384 3439 se
1418 3376 1623 3439 defore
1659 3376 1920 3459 proemiis
1958 3394 2182 3450 eorum,
2221 3395 2284 3435 re

374 3472 631 3536 feliciter
666 3458 871 3556 gesta?
1101 3476 1109 3483 ’
1458 3486 1461 3491 ·

454 3578 558 3633 26.
602 3572 1057 3655 confirmabant
1088 3571 1485 3635 adolescentis
1522 3571 1884 3653 suspiciones
1908 3576 2109 3630 cetera
2133 3588 2282 3649 quo-
2307 3574 2424 3629 Dio.

374 3687 529 3749 que:
572 3668 734 3750 quod
772 3670 955 3749 legati
994 3679 1058 3732 et
1101 3668 1385 3731 mandata
1421 3670 1666 3752 publico
1705 3666 1942 3727 nomine
1977 3664 2055 3725 ad
2083 3664 2282 3725 Anto-

374 3767 543 3827 nium
568 3767 988 3829 mittebantur:
1030 3766 1305 3829 consules
1330 3766 1409 3827 ad
1433 3786 1567 3827 eum
1592 3784 1657 3825 se
1681 3764 1884 3825 nescio
1908 3762 2281 3831 scribebant3

375 3872 439 3923 et
464 3861 663 3924 literas
687 3862 943 3925 Antonii
984 3865 1062 3926 ad
1097 3871 1395 3925 senatores
1428 3860 1721 3945 quosdam
1760 3859 2105 3931 destinatas,
2147 3876 2286 3919 cum

378 3958 841 4041 intercepissent,
868 3958 1022 4021 clam
1047 3982 1111 4023 se
1136 3958 1467 4021 reddendas
1490 3965 1880 4021 curaverant:
1917 3974 2106 4036 neque
2134 3954 2288 4015 serio

382 4055 665 4135 gerebant
686 4058 935 4131 bellum,
963 4078 1069 4141 per
1106 4076 1350 4120 causam
1382 4057 1613 4139 hyemis
1645 4054 1846 4116 omnia
1869 4051 2170 4113 tardantes
2195 4060 2288 4113 at-
2343 4061 2450 4115 Cic.
2469 4061 2534 4111 nd

2309 4128 2610 4177 Fam-1115·
2699 4122 2711 4131 '

386 4173 501 4233 que
526 4157 1037 4241 procrastinantes.
1105 4156 1340 4216 Praeter
1363 4152 1700 4235 praesidium
1726 4151 1981 4213 Antonii
2000 4149 2289 4210 Claterna
2309 4203 2361 4241 et
2379 4192 2516 4243 pm

386 4249 709 4331 dejectum,
738 4253 890 4314 nihil
916 4262 1045 4315 erat
1082 4254 1161 4315 ab
1190 4252 1399 4313 Hirtio
1436 4261 1703 4332 gestum:
1744 4259 1806 4310 et
1831 4248 2042 4309 Pansa
2069 4247 2288 4309 tollen·
2311 4274 2432 4308 vm.
2455 4262 2507 4307 Β.

384 4346 477 4408 dis
524 4346 779 4410 Antonii
822 4349 1072 4430 legibus,
1120 4349 1467 4432 agendoque
1508 4368 1615 4431 per
1663 4346 1894 4410 Urbem
1933 4353 1998 4407 et
2040 4342 2285 4408 Italiam
2307 4322 2525 4457 Εἰζίζω

276 4480 293 4521 μ
382 4445 619 4510 delectu
652 4450 1075 4531 occupabatur.
