3300 5234
922 555 1133 606 Lisai
1184 557 1304 606 cv.
1348 554 2000 608 sarnanum-uu.
2409 539 2588 608 ⁶0⁶9

338 703 663 786 perlatam,
688 719 827 762 cum
864 707 1019 762 esset
1041 699 1291 782 optima,
1330 697 1493 766 solus
1512 698 1772 782 servavit
1795 699 1902 780 qui
1927 697 2168 770 tulerat,
2198 697 2256 758 ia

336 801 567 860 ceteris'
596 799 885 859 rationem
912 806 975 858 et
1014 805 1237 858 metum
1264 795 1535 858 vincente
1560 795 2004 862 cousuetudine.
2067 793 2262 876 Igitur

338 904 479 978 post
515 896 645 956 haec
683 894 1093 976 experimenta
1140 893 1411 954 morbum
1450 892 1710 954 remedio
1744 891 2094 956 validiorem
2133 912 2258 954 ene

340 991 665 1074 prudentes
694 991 1093 1071 judicabant:
1136 999 1199 1052 et
1232 1009 1371 1054 cum
1411 1009 1676 1051 severam
1712 989 1930 1069 aliquis
1967 990 2028 1050 in
2050 999 2258 1052 senatu
2317 999 2448 1050 Plnt.
2463 999 2588 1050 Lae.

338 1089 673 1150 orationem
696 1088 1026 1159 habuisset,
1048 1087 1433 1168 reprehensus
1468 1087 1547 1148 ab
1572 1086 1698 1150 alio
1723 1096 1837 1158 est,
1865 1095 1884 1122 ‘
1915 1085 2078 1167 quod
2103 1087 2258 1149 divi·
2283 1081 2330 1117 ⁰·
2353 1071 2438 1118 ⁸⁸·

337 1187 445 1250 tiis
470 1185 709 1256 Crasso,
736 1184 970 1246 luxuria
998 1183 1255 1246 Lucullo
1278 1183 1509 1254 similis,
1546 1191 1834 1264 tanquam
1864 1181 2025 1244 Cato
2051 1184 2258 1264 loque-

338 1283 547 1345 retur.'
630 1282 835 1344 Etiam
860 1281 1151 1351 consules,
1170 1301 1243 1342 ne
1258 1280 1529 1342 invidere
1555 1280 1690 1342 aliis
1711 1281 2070 1351 dicerentur,
2095 1280 2258 1362 quod

340 1380 457 1462 ipsi
484 1387 859 1461 usurparant,
899 1379 1118 1444 omissa
1140 1377 1300 1460 lege,
1325 1377 1507 1460 plane
1528 1377 1780 1440 diversis
1805 1379 2056 1458 negotiis
2075 1377 2256 1440 dede-

345 1487 487 1538 runt
512 1497 773 1558 operam.

424 1581 526 1636 28.
569 1573 709 1634 Jam
736 1572 839 1634 ille
866 1571 1280 1654 temperantiae
1304 1580 1367 1632 et
1388 1571 1748 1652 frugalitatis
1773 1572 2056 1662 magister
2088 1570 2256 1632 thea-
2282 1575 2401 1628 Dio.

200 1705 219 1720 ·
340 1681 501 1734 trum
540 1689 709 1732 suum
754 1667 1113 1740 absolverat,
1160 1666 1341 1748 idque
1387 1677 1521 1750 post
1562 1669 1868 1730 hominum
1913 1669 2258 1732 memoriam
2315 1673 2426 1724 Cic.
2445 1675 2500 1724 in

339 1767 811 1850 apparatissimis
847 1765 1559 1848 magnificentissimisque
1604 1765 1764 1828 ludis
1805 1765 2050 1827 volebat
2087 1765 2256 1828 dedi-
2281 1738 2562 1854 {jaff-⁷5.

337 1865 489 1931 cari.
580 1865 935 1945 Antiquitas
990 1873 1155 1924 stans
1202 1863 1459 1945 populus
1506 1873 1778 1945 spectare
1829 1872 1960 1924 erat
2007 1863 2254 1927 solitus:
2309 1869 2426 1919 Tac.
2447 1885 2562 1920 nv·

338 1960 559 2023 deinde
604 1981 783 2022 scena
822 1960 1159 2041 gradusque
1202 1959 1493 2032 subitarii‚
1539 1959 1713 2022 finito
1757 1959 2102 2042 spectaculo
2143 1961 2254 2022 tol-
2280 1933 2418 1988 ‘⁴⁸¹¹'
2437 1939 2522 1986 ²⁰'

338 2057 529 2128 leudi,
553 2059 950 2120 struebantur.
1035 2057 1281 2118 Primus
1304 2057 1637 2138 Pompeius
1677 2076 2010 2118 mansuram
2039 2057 2254 2120 theatri
2313 2097 2532 2148 cassiod.

336 2153 542 2218 sedem
562 2156 781 2237 posuit,
801 2153 1139 2216 admirabili
1162 2173 1363 2235 opere,
1390 2153 1503 2214 nisi
1529 2153 1690 2235 quod
1717 2153 2123 2216 admirabilius
2141 2164 2252 2226 est,
2280 2163 2398 2214 var.
2415 2169 2584 2215 mot.

339 2261 601 2313 sumtum
646 2272 686 2312 a
728 2250 1037 2312 Demetrio
1059 2251 1565 2312 subministratum
1590 2249 1792 2322 fuisse,
1819 2250 2038 2312 liberto
2064 2250 2254 2312 Pom·
2280 2260 2399 2338 Dio.

338 2349 502 2432 peii3
544 2347 649 2410 sed
674 2351 778 2430 qui
806 2349 989 2410 nimio
1028 2348 1189 2410 illius
1218 2347 1423 2410 favore
1447 2347 1645 2408 factus
1668 2346 1864 2408 fuerat
1889 2357 2138 2429 patrono
2161 2347 2254 2410 di·
2311 2358 2483 2409 Senec.
2503 2359 2568 2408 de

284 2453 291 2458 '
336 2444 475 2507 tior.
556 2443 819 2506 Theatro
864 2447 1250 2526 circumjecta
1294 2444 1459 2506 haud
1510 2445 1756 2504 minoris
1801 2446 2080 2526 impensa!
2134 2443 2256 2506 alia
2281 2504 2326 2537 c.
2345 2493 2392 2539 8.

338 2541 601 2604 edificia
642 2551 849 2604 erant:
912 2543 1065 2604 inter
1113 2561 1253 2622 quae
1293 2540 1583 2622 templum
1628 2537 1892 2600 Veneris
1931 2537 2258 2602 Victi-icis·
2319 2553 2452 2602 Plut.

336 2641 661 2702 eminebat.
745 2638 825 2700 Id
850 2638 1165 2700 astruxisse
1200 2637 1482 2708 creditur,
1522 2657 1597 2698 ne
1638 2637 1896 2698 severior
1932 2637 2258 2717 aliquando
2279 2616 2584 2734 Ρῖξῐξῇὶῗῧ·

335 2743 589 2802 censura
610 2757 761 2818 opus
782 2757 955 2796 suum
972 2735 1231 2807 tolleret,
1250 2735 1428 2796 sicuti
1447 2743 1682 2816 patrum
1705 2735 1990 2796 memoria
2007 2731 2256 2807 factum,
2280 2748 2342 2797 de
2363 2751 2590 2814 spectac.

339 2843 589 2894 auctore
640 2832 899 2904 Nasica,
953 2841 1222 2894 noverat.
1306 2829 1501 2910 Igitur
1551 2841 1634 2902 et,
1683 2830 1764 2892 ad
1819 2830 2257 2893 dedicationem

336 2930 541 2992 edicto
569 2929 853 3011 populum
895 2949 1136 3002 vocam,
1174 2948 1293 2990 non
1330 2929 1652 3000 theatrum,
1679 2926 1786 2990 sed
1821 2927 2081 2990 Veneris
2107 2937 2258 2990 tem-

338 3025 511 3109 plum
545 3027 933 3108 nuncupavit,
962 3035 980 3063 ‘
1004 3027 1103 3089 cui
1126 3025 1531 3105 subjecimus,'
1556 3025 1776 3106 inquit,
1798 3033 1816 3060 ‘
1847 3025 2066 3104 gradus
2091 3045 2259 3108 spec-

334 3123 716 3186 toculorum?

422 3227 527 3283 29.
572 3219 852 3282 Ceterum
880 3219 945 3280 id
971 3219 1260 3300 templum
1290 3219 1467 3280 tertio
1500 3219 1743 3280 demum
1773 3221 1908 3300 ejus
1946 3217 2256 3280 consulatu
2314 3241 2380 3288 A.
2399 3241 2533 3290 Gen.

338 3317 672 3400 perfectum
714 3327 896 3398 atque
934 3317 1276 3380 dedicatum
1316 3315 1455 3378 est?
1536 3317 1878 3379 Maximum
1917 3317 2074 3380 enim
2110 3337 2260 3400 opus
2283 3321 2337 3357 ¹·
2364 3311 2410 3356 ¹·

338 3424 494 3486 erat,
520 3424 583 3478 et
606 3415 684 3476 ad
710 3416 827 3476 hoc
852 3423 1003 3487 toto,
1030 3435 1151 3496 qua
1182 3413 1449 3495 patebat,
1476 3414 1722 3495 imperio
1747 3422 2093 3474 ornamenta
2113 3435 2256 3474 con-

340 3513 565 3594 quisita
590 3533 605 3572 ε
650 3513 799 3573 inter
822 3533 959 3593 quae
982 3519 1381 3572 memorantur
1396 3511 1621 3592 effigies
1644 3513 1944 3570 variarum
1969 3511 2256 3590 gentium,
2310 3533 2579 3586 Suet.Ner.

336 3611 605 3690 itemque
640 3618 935 3671 certorum
967 3607 1295 3679 hominum,
1336 3607 1442 3686 qui
1484 3607 1743 3669 mirabili
1777 3607 1984 3687 aliqua
2019 3606 2260 3668 fortuna
2275 3617 2320 3650 ⁰·
2341 3605 2422 3676 1⁸⁶·

340 3706 423 3770 td
458 3705 681 3767 famam
708 3714 1124 3802 pervenerunt,
1156 3705 1237 3764 ob
1280 3703 1343 3764 id
1375 3723 1720 3782 magnorum
1755 3701 2050 3764 artificum
2093 3705 2255 3782 inge-
2279 3667 2406 3714 an.
2429 3667 2582 3716 ⁹¹¹³·

352 3951 367 3959 -
408 3913 434 3941 ⁸
471 3905 711 3969 Ἐπιμανῆ
762 3902 961 3955 Veneris
1012 3900 1265 3967 Viciu-icio]
1338 3907 1444 3952 tam
1466 3915 1581 3952 esse
1607 3909 1758 3966 patet
1791 3915 1855 3950 ex
1891 3901 2084 3954 Gellio.
2149 3901 2258 3952 Sed

338 3971 431 4022 De
450 3971 548 4020 hoc
562 3970 767 4034 templo
784 3967 1101 4020 Plutarchus
1123 3981 1267 4016 men·
1338 3968 1637 4017 testimonia
1696 3967 1981 4024 Plutarchi,
2055 3967 2260 4024 Dionis,

342 4038 539 4086 tionem
564 4035 694 4086 facit
728 4036 814 4084 ubi
856 4037 1039 4084 narrat
1074 4033 1267 4081 somni·
1336 4033 1667 4093 Tertulliani,
1695 4033 1875 4088 Plinii,
1910 4032 2146 4093 Asconii,
2169 4032 2256 4080 Ci-

338 4117 427 4150 um
450 4101 688 4166 Pompeii
709 4108 831 4150 ante
860 4113 1083 4164 pugnam
1104 4097 1267 4148 Phar·
1338 4101 1542 4148 caronis
1566 4098 1749 4162 ipsius,
1770 4099 1964 4148 nullum
1987 4095 2259 4146 dubitandi

341 4167 584 4218 salicam.
619 4167 761 4216 Creo.
1338 4164 1509 4213 locum
1534 4164 1855 4227 relinquunt,
1877 4161 2000 4227 quin
2023 4161 2256 4212 secundo

412 4230 435 4264 ὓ
470 4231 696 4281 ceum
716 4231 769 4280 id
786 4229 1012 4292 ternplum
1028 4227 1177 4278 tertio
1188 4229 1267 4279 de·
1339 4230 1613 4280 consulatu
1656 4241 1752 4278 suo
1783 4227 2065 4291 Pon-peina
2111 4227 2258 4276 thea-

338 4296 863 4356 unna-&uenarum-
892 4291 1159 4358 perfectam
1193 4299 1269 4343 nt-
1342 4303 1479 4344 trum
1516 4293 1874 4360 templumque
1911 4293 2257 4346 dedicaverit.

340 4375 437 4426 qne
457 4363 729 4411 dedicatum
750 4361 848 4424 est]
872 4359 1123 4408 Ultimam
1146 4372 1271 4422 ope·
1346 4361 1489 4410 creo.

340 4427 393 4477 ri
420 4441 627 4478 manum
664 4437 775 4492 tum
806 4425 1016 4476 demum
1057 4423 1272 4489 imposi-

2278 2423 2456 2489 Tranq.
2479 2423 2581 2474 An.
2659 2433 2664 2436 '
