3300 5234
765 572 941 637 5418
1146 544 1152 551 ’
1272 583 1475 634 mam
1524 583 1803 633 cxvnn.
1849 582 2486 633 susannam-uu.

1096 730 1399 793 Antonius
1422 732 1622 802 sensit,
1650 750 1922 809 magnam
1949 730 2154 790 urbem
2177 738 2240 789 et
2262 748 2523 810 gravem,
2563 727 2772 790 relicta
2794 729 2994 811 Apol-

1096 828 1279 901 lonia,
1330 828 1684 889 Buthrotum
1726 827 2022 910 profectus
2065 836 2176 888 est.
2257 826 2410 897 Mox
2453 827 2674 887 amissis
2703 828 2762 885 in
2785 828 2994 887 itinere

1094 927 1435 988 cohortibus
1456 927 1663 997 tribus,
1689 946 1826 1007 quae
1849 944 2019 986 caesae
2045 945 2084 985 a
2121 924 2310 985 Bruto
2345 924 2600 995 fuerant,
2625 944 2759 985 cum
2786 934 2998 1005 praeter

806 1032 917 1084 Cic.
944 1030 1073 1083 Phil.
1097 1023 1449 1085 Amantiam
1486 1032 1551 1083 et
1583 1022 1893 1084 Bullidem
1925 1030 2154 1083 teneret
2185 1021 2356 1093 nihil,
2385 1022 2500 1082 huc
2525 1022 2732 1082 statuit
2753 1029 2996 1083 couten-

772 1102 959 1215 ᾗῖὲὲι·
1096 1118 1257 1181 dere.
1341 1118 1463 1179 Sed
1490 1119 1647 1205 loca,
1676 1140 1782 1201 per
1806 1138 1942 1199 quae
1968 1118 2224 1178 eundum
2250 1128 2400 1189 erat,
2421 1118 2634 1179 Cicero
2655 1118 3001 1179 adolescens

1086 1218 1221 1297 jam
1250 1224 1645 1297 preceperat:
1675 1236 1780 1297 per
1799 1234 1935 1295 quae
1961 1216 2020 1274 vi
2049 1224 2294 1277 conatus
2321 1216 2544 1295 aperire
2572 1216 2752 1286 viam,
2777 1215 2998 1275 victus-

1098 1333 1237 1394 que,
1261 1310 1403 1372 dum
1444 1314 1595 1372 inter
1636 1311 1884 1393 paludes
1925 1310 2102 1391 longo
2137 1312 2366 1390 agmine
2391 1333 2454 1371 se
2481 1312 2712 1391 recipit,
2739 1332 2778 1371 a
2807 1310 3002 1371 Bruto

1096 1408 1569 1469 circumvenitur.
2015 1462 2022 1475 .

809 1528 857 1577 A
896 1528 1023 1593 9¹⁸²·
1181 1511 1281 1565 33.
1326 1504 1533 1565 Facile
1574 1500 1704 1563 erat
1737 1501 1936 1563 delere
1981 1502 2320 1563 universos:
2351 1502 2458 1563 s'ed
2495 1502 2716 1563 Brutus
2753 1522 3000 1583 parcen-

775 1604 827 1643 0‘
892 1594 981 1645 ¹¹¹⁸·
1100 1598 1241 1661 dum
1266 1600 1472 1661 dicens
1498 1600 1619 1660 suis
1643 1618 1782 1659 mox
1809 1598 2043 1669 futuris,
2067 1598 2426 1659 consalutari
2445 1620 2545 1657 eos
2557 1600 2758 1677 jussit,
2783 1607 2850 1658 et
2865 1619 3000 1659 cum

1102 1696 1245 1756 nihil
1274 1696 1715 1777 responderent,
1741 1704 1942 1755 tamen
1966 1693 2204 1755 dimitti.
2291 1693 2412 1774 Sed
2443 1716 2637 1755 rursus
2653 1698 2712 1753 in
2741 1714 3002 1775 praerup-

1102 1796 1179 1853 tis
1206 1793 1355 1853 locis
1378 1802 1609 1863 nactus,
1650 1778 2160 1871 circumdatosque
2193 1792 2280 1851 uti
2316 1791 2478 1872 prius
2515 1790 2802 1861 salutans,
2839 1812 3002 1851 com-

1104 1889 1289 1949 movit
1312 1890 1573 1949 omnium
1600 1888 1846 1959 animos,
1885 1882 1952 1947 u't
1983 1886 2226 1966 dignum
2253 1888 2688 1947 existimatione
2715 1906 2826 1949 sua
2850 1908 3002 1968 prae·

1102 1984 1391 2055 dicantes,
1418 2004 1541 2065 qua
1558 1984 1714 2045 mitis
1737 1992 1800 2044 et
1819 1984 2052 2065 sapiens
2076 1981 2398 2053 ferebatur,
2426 1984 2482 2043 in
2509 1983 2686 2043 fidem
2711 1985 2844 2063 ejus
2860 2004 3002 2045 con-
3027 1986 3044 1997 ‘

782 2108 899 2159 Dio.
1103 2081 1403 2143 cederent.
1465 2081 1800 2143 Antonium
1825 2083 2008 2141 etiam
2025 2080 2292 2141 deditum
2319 2082 2405 2141 ita
2427 2080 2748 2149 clamanter
2771 2081 3002 2152 habuit,

780 2174 995 2288 sslppiss·
1106 2190 1176 2245 ut
1200 2200 1273 2241 ne
1299 2180 1674 2259 magistratus
1697 2177 1938 2261 quidem
1965 2178 2220 2259 eriperet
2243 2178 2528 2257 insignia:
2555 2179 2850 2259 simulque
2867 2200 3004 2240 cum

788 2250 1005 2419 Βὸἑὲῗξ
1032 2372 1063 2419 ⁷
1110 2276 1300 2434 gru}
1329 2277 1514 2433 laeris
1552 2274 1632 2335 ad
1667 2283 1938 2429 senaturln
1971 2274 2171 2431 allaim
2211 2284 2347 2385 sunt
2381 2273 2593 2431 Ῑάἱῑέἱε
2625 2274 3008 2432 Αρήὶἰὴὲιοια

995 2401 1010 2418 ·
1068 2400 1083 2417 ·
1172 2418 1187 2433 .
1308 2392 1343 2432 n
1412 2392 1509 2433 mo
1560 2382 1998 2453 ‘proconsuet
2131 2390 2202 2431 oc
2252 2390 2411 2431 enim
2463 2392 2498 2431 a
2581 2392 2657 2432 uc
2709 2390 2862 2433 voca
2905 2394 3010 2433 uo

1110 2472 1405 2531 utebatur.

1192 2572 1292 2627 34.
1339 2565 1501 2627 Haec
1532 2566 1712 2645 igitur
1735 2562 1986 2646 epistola
2005 2565 2191 2627 movit
2213 2565 2358 2625 iram
2379 2565 2676 2648 patribus:
2719 2575 2806 2636 ut,
2827 2586 3010 2647 quam

1114 2664 1337 2725 Brutus
1360 2664 1693 2745 scripserat,
1723 2664 1872 2723 mira
1897 2669 2135 2723 senatus
2171 2661 2399 2733 laetitia,
2432 2664 2722 2744 totiusque
2747 2664 3016 2725 civitatis

788 2784 1086 2838 vellat-02.
1110 2759 1388 2822 alacritas
1413 2761 1656 2842 excepit
1685 2768 1866 2839 atque
1903 2757 2193 2820 laudavit.
2281 2758 2473 2838 Igitur
2507 2760 2712 2841 paucis
2751 2760 2832 2820 ab
2875 2760 3014 2821 inde

1108 2856 1341 2927 diebus,
1374 2876 1509 2917 cum
1531 2854 1553 2889 ⁸
1582 2855 1818 2937 fugatus
1841 2876 1880 2915 a
1907 2854 2152 2916 Mutina
2171 2854 2474 2917 Antonius
2499 2856 2722 2917 animos
2745 2858 3018 2939 patribus

1109 2954 1365 3025 fecisset,
1412 2952 1602 3013 Bruto
1655 2938 1982 3033 Cassio'que
2027 2953 2368 3033 provinciae,
2417 2973 2568 3033 quas
2595 2956 2730 3033 jam
2780 2954 3018 3034 privato

1110 3050 1356 3113 consilio
1374 3058 1830 3130 occupaverant,
1851 3048 2106 3111 decretae
2139 3060 2274 3111 sunt
2297 3072 2314 3110 ε
2341 3050 2572 3113 laudati
2595 3054 2892 3113 exercitus
2911 3056 3016 3137 qui

1110 3149 1205 3208 his
1242 3168 1305 3209 se
1348 3146 1740 3209 tradidissent.
1825 3146 2348 3209 senatusconsulto
2381 3149 2814 3230 comprehensae
2850 3170 3016 3212 com-

1114 3244 1497 3326 probataeque
1522 3244 1815 3325 pecuniae,
1843 3262 1993 3323 quas
2018 3263 2055 3305 a
2079 3245 2470 3323 quaestoribus
2493 3248 3016 3309 transmarinarum

786 3348 919 3399 Plut.
938 3412 951 3425 ο
1113 3342 1544 3423 provinciarum
1589 3349 1964 3423 acceperant.
2049 3341 2366 3403 Postremo
2415 3354 2772 3424 praeceptum
2819 3365 3020 3406 rursus

790 3416 1091 3531 cssvqg'ae'et
1113 3438 1385 3498 omnibus
1420 3438 1758 3519 provincias
1795 3446 1957 3497 trans
1996 3436 2234 3497 Ionium
2280 3438 2708 3510 habitantibus,
2749 3449 2768 3475 ‘
2789 3441 2880 3501 uti
2919 3441 3018 3502 M.

794 3560 870 3593 ιν.
1042 3606 1055 3619 ·
1118 3534 1331 3605 Bruto,
1374 3534 1449 3596 C.
1498 3534 1709 3596 Cassio
1755 3534 1918 3594 dicto
1955 3534 2260 3595 audientes
2297 3538 2530 3596 essent?
2609 3536 2732 3597 Sed
2759 3539 2897 3617 jam
2939 3538 3018 3599 de

795 3607 1093 3725 Χξὶῗῖω·
1116 3633 1311 3703 rebus,
1350 3652 1499 3712 quas
1544 3632 1772 3691 interim
1815 3632 1874 3690 in
1913 3630 2070 3691 Asia
2109 3628 2436 3693 Dolabella
2471 3634 2671 3712 gessit,
2707 3654 3016 3715 exponen—

1118 3728 1259 3789 dum
1288 3738 1397 3789 est.

1535 3898 1567 3945 ³
1602 3894 1758 3952 Qun·
1781 3909 1877 3961 pro
1897 3909 2004 3946 m
2023 3894 2299 3963 legebatur
2317 3902 2444 3948 ante
2465 3896 2622 3971 Crev.
