3300 5234
916 532 1125 585 ainai
1172 500 1354 586 cxv.
1400 530 2057 587 surranunuwu.
2421 512 2601 584 532⁷

355 676 657 739 Trebonio
682 674 1157 760 transfugerantz
1201 698 1323 739 una
1346 676 1509 741 facta
1531 698 1613 740 ex
1640 678 1890 740 coloniis
1913 676 2271 760 Hispaniae3

361 796 483 837 una
522 774 868 837 Afraniana
910 795 990 838 ex
1033 775 1277 847 Africa,
1324 796 1505 857 quam
1544 796 1752 837 secum
1798 774 2132 857 Pompeius
2167 772 2276 835 ad-

358 871 635 933 duxerat.
720 870 1005 952 Reliquae
1046 872 1400 934 constabant
1436 892 1517 933 ex
1553 872 1846 951 fugitivis,
1873 892 1946 933 ne
1975 874 2118 953 ipsae
2142 870 2276 951 qui·
2304 873 2514 942 Appian-

360 968 502 1030 dem
542 968 719 1051 plane
756 969 1227 1042 contemnendae,
1256 990 1393 1031 cum
1420 978 1700 1051 quartum
1728 972 1862 1049 jam
1899 988 2115 1030 annum
2151 969 2278 1051 ple-

362 1067 533 1148 rique
571 1068 820 1129 fuissent
856 1068 919 1129 in
964 1068 1141 1127 armis
1183 1068 1458 1141 exerciti,
1505 1070 1956 1150 projectamque
1999 1066 2281 1129 afferrent

363 1162 445 1223 ad
480 1164 691 1246 praelia
726 1163 1061 1225 audaciam.

444 1267 549 1322 45.
594 1260 665 1322 N
666 1246 815 1342 e-que
850 1270 1050 1323 tamen
1087 1282 1264 1321 ausus
1296 1270 1389 1322 est
1422 1260 1688 1323 subsidio
1720 1260 1922 1321 venire
1947 1260 2100 1321 suis:
2141 1266 2278 1319 tan-

361 1364 517 1429 tum,
542 1358 687 1438 quia
720 1357 873 1420 duce
905 1378 1107 1419 carere
1134 1357 1519 1437 Ateguenses
1542 1367 1928 1439 cognoverat,
1957 1357 2027 1417 L.
2057 1356 2280 1417 Muna-
2301 1340 2422 1392 Dio.

361 1454 515 1514 tium
558 1454 845 1517 Flaccum
880 1455 1060 1516 misit.
1144 1454 1213 1515 Is
1244 1476 1309 1515 se
1344 1454 1728 1516 Julianarum
1763 1456 2043 1536 partium,
2076 1462 2142 1515 et
2175 1453 2280 1515 tri-
2333 1453 2552 1504 17100611-

360 1550 511 1611 buni
558 1550 1053 1613 cornicularium⁰
1102 1572 1229 1611 esse
1278 1550 1586 1623 simulans,
1632 1559 1814 1611 noctu
1867 1550 2028 1611 solus
2069 1550 2282 1629 vigiles
2299 1518 2444 1635 ᾖξ’·
2467 1536 2556 1571 ¹¹¹⁸

362 1646 653 1729 quosdam
698 1647 869 1721 adiit,
908 1656 1197 1729 tanquam
1242 1648 1453 1709 missus
1494 1648 1575 1709 ad
1610 1646 2062 1709 circumeunda:
2097 1666 2284 1709 excu-
2303 1649 2424 1699 Dio·

364 1746 533 1807 bias:
578 1766 618 1807 a
654 1746 890 1825 quibus,
928 1754 1179 1827 accepta
1218 1753 1461 1818 tessera,
1500 1745 1653 1807 alios
1691 1744 1930 1817 fallens,
1967 1744 2118 1805 alios
2157 1744 2284 1805 evi-

364 1850 525 1916 tans,
573 1864 612 1904 a
654 1844 965 1925 postremis
1006 1844 1189 1905 etiam
1232 1842 1545 1917 deductim,
1590 1843 1809 1924 quibus
1851 1864 1916 1903 se
1960 1843 2202 1903 missum
2247 1858 2287 1903 a

368 1938 611 2000 Caesase
656 1939 735 2000 ad
780 1940 1183 2021 recipiendum
1228 1960 1336 2022 per
1384 1940 1776 2021 proditionem
1821 1937 2108 2021 oppidum
2150 1957 2284 2019 per-

365 2044 658 2108 suaserat,
692 2056 799 2118 per
836 2036 1061 2097 medias
1097 2038 1231 2118 ejus
1267 2037 1472 2119 copias
1507 2036 1816 2116 Ateguam
1851 2038 2140 2115 ingressus
2174 2043 2283 2097 est,
2339 2044 2489 2123 Λιιςι.
2504 2046 2570 2096 αι

366 2130 719 2214 Pompeius,
756 2134 1012 2195 incensis
1050 2142 1225 2194 nocte
1259 2134 1491 2205 castris,
1534 2134 1687 2193 inter
1728 2131 1996 2193 Ucubim
2030 2141 2095 2193 et
2127 2130 2286 2192 Ate-
2307 2110 2532 2176 ²³¹4·

366 2248 549 2309 guam
583 2232 645 2291 in
678 2231 977 2292 montibus
998 2230 1303 2293 consedit:
1346 2250 1488 2292 mox
1514 2232 1720 2301 etiam,
1748 2230 1840 2289 bis
1878 2230 2130 2291 incensis
2151 2250 2286 2291 cas·

366 2327 495 2397 tris,
526 2326 874 2389 Cordubam
909 2326 1167 2387 intendit
1199 2328 1331 2388 iter.
1414 2326 1659 2387 Interea
1691 2345 1830 2387 cum
1867 2324 1946 2387 ad
1983 2327 2287 2387 Caesarem

334 2498 345 2509 ·
366 2422 695 2502 Arguetius
718 2426 823 2502 (an
850 2422 1147 2484 Aruntius
1162 2422 1215 2503 l)
1262 2431 1325 2484 et
1350 2421 1664 2504 Asprenas
1690 2424 2008 2494 venissent,
2037 2442 2288 2504 quorum

366 2518 473 2579 ille
497 2519 668 2599 signa
692 2521 957 2601 quinque
986 2518 1333 2599 Saguntinis
1350 2520 1543 2580 obiter
1567 2517 1808 2580 ademta
1827 2518 2130 2591 retulerat,
2153 2519 2287 2580 lon-

368 2619 507 2697 gius·
540 2619 781 2697 evagari
818 2617 1075 2680 Caesaris
1112 2617 1345 2698 equites
1382 2624 1707 2697 eoeperunt,
1745 2625 1810 2677 et
1843 2636 1944 2678 eos
1981 2618 2087 2698 qui
2121 2635 2286 2679 com-

366 2724 599 2777 meatus
624 2716 701 2776 ad
730 2723 927 2777 castra
955 2714 1238 2795 Pompeii
1262 2715 1564 2775 vehebant
1587 2715 1890 2795 excipere.

446 2820 553 2875 46.
596 2812 721 2875 Sed
746 2814 853 2895 qui
878 2813 941 2872 in
968 2810 1245 2893 praesidio
1270 2811 1534 2891 Ateguae
1554 2820 1748 2883 erant,
1773 2812 2050 2873 ferociter
2072 2829 2294 2891 repug-

370 2910 621 2987 nabant,
647 2930 767 2971 non
806 2908 965 2970 ferro
999 2918 1257 2980 tantum,
1283 2908 1388 2969 sed
1428 2908 1609 2968 etiam
1646 2908 1806 2987 igne,
1831 2928 1938 2989 per
1973 2909 2174 2968 omnia
2199 2909 2290 2967 in-

370 3008 548 3086 genia
588 3006 888 3078 mittendi,
924 3027 989 3066 se
1035 3014 1291 3067 tuentes.
1377 3004 1594 3068 Donec
1632 3026 1862 3087 semper
1899 3024 2036 3065 cum
2068 3003 2292 3065 damno
2350 3018 2617 3073 vanu.

369 3104 615 3186 repulsi,
648 3105 797 3165 iram
836 3112 1139 3166 verterunt
1177 3104 1239 3164 in
1280 3102 1633 3184 oppidanos,
1673 3105 1779 3184 qui
1822 3103 2046 3165 Caesari
2086 3102 2288 3164 favere
2314 3102 2394 3138 ¹¹·
2409 3091 2459 3137 ²·
2479 3094 2535 3134 ‘³‘

356 3200 765 3263 credebantur
780 3218 807 3273 3·
844 3221 955 3262 nec
989 3202 1149 3283 ipsos
1176 3200 1355 3261 modo
1382 3200 1755 3273 occiderunt,
1781 3202 1888 3261 sed
1912 3202 2118 3271 etiam,
2145 3219 2288 3260 auc·
2312 3152 2544 3281 ἓῃῖῗῑέἕ

370 3308 501 3360 tore
536 3298 784 3371 Flacco,
810 3298 1105 3369 foeminas,
1130 3299 1361 3359 vocatis
1396 3300 1744 3359 nominatim
1781 3297 1860 3358 ad
1884 3298 2292 3379 spectaculum

370 3397 535 3467 viris,
577 3416 729 3477 quos
768 3396 927 3477 apud
970 3395 1271 3456 Caesarem
1309 3416 1435 3455 esse
1474 3396 1765 3467 sciebant,
1792 3394 2103 3475 jugulatus
2141 3414 2292 3475 pra:-

372 3492 583 3575 cipites
621 3495 904 3554 miserunt
935 3494 1013 3555 de
1040 3512 1245 3553 muro:
1290 3493 1564 3564 infantes,
1590 3492 1758 3553 dictu
1785 3514 2022 3573 quoque
2046 3492 2291 3562 foedum,

370 3591 589 3671 partim
629 3592 691 3649 in
732 3592 973 3669 gremiis
1006 3598 1263 3649 matr-um
1290 3588 1686 3660 trucidarunt,
1713 3587 1864 3649 alios
1889 3590 1950 3649 in
1974 3598 2294 3669 conspectu

373 3696 685 3770 parentum
729 3694 837 3748 aut
876 3688 1039 3748 humi
1081 3686 1444 3759 afflixerunt,
1486 3694 1593 3746 aut
1640 3686 1703 3745 in
1743 3685 1996 3745 sublime
2027 3688 2296 3766 jactatos

370 3787 662 3847 subrectis
700 3793 1067 3866 exceperunt
1107 3784 1263 3866 pilis.

454 3889 559 3947 47.
601 3882 731 3944 Sub
768 3902 1075 3964 vesperam
1120 3882 1391 3962 ejusdem
1430 3880 1551 3941 diei
1591 3880 1758 3942 venit
1797 3879 1875 3940 ad
1917 3898 2022 3939 eos
2058 3878 2220 3939 clam
2259 3898 2298 3939 a
2352 3911 2500 3962 Auet.
2521 3912 2587 3962 de

376 3972 678 4062 Pompeio
710 3980 1083 4051 tabellarius,
1114 3988 1305 4039 turres
1344 3998 1737 4059 aggeremque
1767 3977 1990 4056 jubens
2023 3976 2294 4051 accendi,
2319 3976 2384 4029 Β·
2405 3978 2550 4045 Hiup.

440 4189 466 4217 ⁰
502 4180 705 4233 stiland
736 4180 1125 4245 cornicularium]
1170 4180 1301 4229 Cor·
1375 4180 1720 4231 cornicularii
1775 4178 1984 4229 mentio·
2035 4176 2096 4229 fle
2154 4176 2296 4242 apud

377 4247 665 4297 nicularius
685 4246 893 4297 videtur
914 4245 1079 4296 fuisse
1103 4245 1301 4296 tribuni
1375 4246 1523 4296 Suet.
1596 4258 1786 4311 troque,
1823 4245 2023 4295 Domit.
2045 4258 2100 4295 c.
2136 4247 2218 4294 1⁷.
2241 4247 2298 4293 et
2411 4272 2414 4277 -

377 4312 614 4361 minister
634 4313 745 4361 sive
768 4310 1174 4361 accensus-vid.
1192 4318 1305 4361 not.
1376 4311 1498 4359 Val.
1598 4327 1684 4361 ax.
1721 4311 1766 4361 1.-
1800 4323 1875 4360 vr.
1908 4323 1958 4360 c.
1991 4315 2042 4360 1.
2078 4314 2178 4361 art.
2215 4312 2296 4358 11.

378 4376 627 4428 Marcelli
664 4378 861 4428 Donati
893 4376 961 4426 ad
1002 4376 1117 4427 [aiv.
1139 4388 1195 4427 x.
1215 4379 1303 4427 «u.
1379 4376 1525 4426 Grec.
