3300 5234
806 571 1009 621 unni
1060 570 1255 620 cxn.
1297 569 1941 623 suernnunwrum,
2237 595 2246 608 -
2303 551 2480 632 5263

252 709 607 772 Pharnaces
646 711 914 774 disceret.
1014 713 1251 776 Idcirco
1296 714 1558 774 futurum
1594 723 1778 786 ratus,
1815 724 1882 775 ut
1919 715 2158 776 omnino

250 807 563 870 discedere
594 807 893 870 Domitius
915 820 1185 890 cogatur,
1210 809 1479 878 trahendi
1504 813 1785 892 temporis
1807 831 2010 894 causa,
2031 812 2158 871 sine

249 901 607 966 detrimento
631 907 1019 977 auctoritatis,
1048 927 1346 987 nunquam
1372 907 1603 985 longius
1626 908 1910 988 produxit
1933 909 2159 988 copias,

182 1037 197 1046 -
252 1019 439 1079 quam
482 1002 681 1082 quoad
714 1003 883 1062 fossae
918 1005 1139 1083 quibus
1158 1004 1236 1063 ab
1262 1012 1518 1084 utroque
1536 1003 1722 1063 latere
1747 1005 1942 1064 locum
1967 1005 2160 1065 muni-

254 1105 425 1156 verat
457 1099 867 1179 pertingerent.
952 1101 1326 1181 Equitatum,
1362 1121 1482 1181 quo
1514 1109 1643 1160 erat
1675 1102 1962 1181 superior,
1989 1110 2164 1161 extra

252 1191 447 1254 fossas
477 1196 756 1258 habebat.
840 1198 927 1259 Et
961 1198 1241 1278 processit
1264 1199 1320 1258 ei
1346 1197 1674 1258 consilium.
1759 1199 2001 1280 Quippe
2031 1197 2164 1258 Do·

256 1291 460 1350 mitius
491 1313 625 1352 cum
650 1295 865 1355 morari
888 1294 1113 1355 diutius
1138 1314 1251 1354 non
1277 1303 1495 1376 posset,
1522 1294 1745 1355 infecta
1769 1315 1832 1355 re
1857 1294 2162 1356 discedere
2185 1313 2296 1362 Liv.
2319 1313 2453 1379 Epa,

257 1393 430 1467 turpe
482 1397 738 1468 putaret,
784 1391 988 1472 iniquo
1038 1391 1173 1451 loco
1224 1392 1645 1471 improsperum
1688 1392 1954 1470 praelium
1999 1391 2163 1451 fecit.
2188 1378 2304 1492 DX'·
2343 1443 2354 1456 .

260 1481 533 1546 Pontica
582 1487 735 1566 legio
782 1497 913 1549 tota
954 1487 1136 1548 ferme
1181 1489 1443 1548 interiit:
1500 1487 1778 1568 Dejotari
1823 1489 2013 1568 copiae
2059 1490 2166 1549 vix
2191 1458 2440 1557 Miflfiffl

260 1592 647 1663 conspectum
690 1586 943 1646 hostium
986 1585 1281 1646 tulerunt:
1332 1593 1507 1645 sexta
1550 1593 1613 1645 et
1646 1585 1945 1645 tricesima
1984 1585 2165 1664 legio,
2191 1572 2312 1685 3th
2337 1589 2450 1686 ¹63.

258 1699 400 1739 cum
441 1690 605 1742 totus
648 1683 805 1762 regis
845 1684 1144 1744 exercitus
1188 1703 1321 1744 eam
1362 1682 1599 1743 adortus
1632 1691 1807 1754 esset,
1843 1683 2065 1744 virtute<
2105 1704 2168 1744 se
2192 1673 2327 1751 nin]
2453 1669 2470 1685 ’

260 1775 553 1849 defendit,
590 1780 926 1860 amissisque
963 1780 1251 1839 militibus
1288 1779 1526 1840 omnino
1565 1778 1838 1840 ducentis
1879 1780 2170 1860 quinqua-

264 1873 455 1951 ginta,
482 1876 543 1934 in
581 1874 717 1935 loca
748 1877 862 1936 situ
898 1885 1031 1936 tuta
1062 1896 1125 1936 se
1162 1877 1402 1955 recepit.
1490 1875 1643 1936 Inde
1685 1874 2008 1946 Domitius,
2040 1875 2170 1936 col-

266 1971 437 2031 lectis
462 1972 729 2054 reliquiis
751 1993 1008 2045 suorum,
1035 1993 1140 2054 per
1167 1971 1620 2053 Cappadociam
1648 1974 1708 2032 in
1736 1971 1950 2033 Asiam
1976 1971 2172 2032 rediit.

344 2077 449 2130 90.
471 2070 840 2141 Pharnaces,
867 2072 1013 2131 mire
1034 2069 1227 2130 elatus
1252 2071 1367 2130 hac
1392 2070 1664 2140 victoria,
1684 2069 1900 2130 multas
1923 2072 2174 2131 extorsit
2196 2081 2330 2134 Plut.
2352 2087 2408 2131 et

266 2168 490 2250 populo
528 2169 811 2229 Romano
851 2169 1143 2250 sociisque
1178 2169 1535 2250 provincias,
1580 2169 1892 2250 Bithynia,
1931 2170 2174 2251 Cappa·
2199 2147 2317 2196 ¹³³⁰·
2470 2147 2482 2159 ο

266 2268 468 2339 docia,
523 2266 902 2348 finitimisque
949 2267 1283 2348 regionibus
1338 2266 1666 2347 occupatis,
1702 2267 2026 2346 pulsisque,
2067 2269 2176 2349 qui

267 2363 563 2425 beneficio
592 2363 1002 2424 Romanorum
1026 2365 1157 2424 haec
1178 2363 1576 2433 obtinuerant,
1610 2363 1844 2441 reg-ulis.
1913 2363 2179 2444 Recepit

268 2471 333 2522 et
358 2461 650 2534 Pontum,
676 2461 841 2522 nullo
855 2463 987 2540 ⁸jam
1012 2458 1366 2520 defendente
1391 2480 1406 2520 ε
1450 2459 1782 2539 Amisoque
1809 2471 2174 2541 expugnata,
2202 2477 2418 2554 Appium.

270 2559 587 2620 saevissime
634 2559 911 2620 tractavit
949 2567 1013 2618 et
1050 2558 1211 2618 cives
1267 2557 1581 2617 Romanos
1626 2558 1731 2636 qui
1779 2558 1862 2617 ibi
1908 2560 2175 2636 negotia·
2203 2541 2333 2592 Hm·
2352 2541 2470 2591 ¹3³⁰·

272 2657 512 2728 bantur,
550 2665 613 2717 et
652 2655 1029 2737 oppidanos3
1072 2653 1480 2716 interficiendo
1528 2655 1798 2734 puberes,
1842 2655 2178 2715 exsecando

274 2773 513 2835 pueros,
551 2751 717 2812 nullo
745 2752 1129 2833 praetermisso
1166 2770 1375 2829 genere
1404 2758 1510 2810 aut
1534 2749 1868 2828 ignominiae
1911 2759 2016 2809 aut
2043 2771 2177 2810 cru-

272 2849 560 2915 delitatis.
655 2849 809 2910 Inde
862 2851 995 2929 jam
1058 2869 1163 2930 per
1226 2847 1575 2928 Bithyniam
1626 2857 1871 2927 paterna
1933 2837 2182 2925 vestigia
2205 2853 2306 2904 Dio
2327 2859 2396 2929 ,et

272 2967 567 3028 premens,
620 2945 835 3007 Asiam
882 2947 1186 3025 cogitabat
1235 2945 1557 3005 invadere:
1615 2943 1991 3024 fecissetque,
2044 2944 2182 3032 nisi,
2207 2921 2423 2985 ΑΡΡωι·

273 3045 541 3106 Asandri
568 3044 840 3104 nuntiata
857 3042 1211 3114 defectione,
1238 3041 1445 3102 suisset
1466 3049 1800 3112 revocatus,
1830 3059 2005 3121 quem
2027 3040 2182 3100 Bos-

271 3163 503 3224 porano
536 3163 717 3220 regno
755 3141 1123 3221 praefecerat.
1206 3127 1368 3200 Haec
1413 3160 1521 3220 pro
1556 3137 1965 3216 magnitudine
1993 3157 2185 3197 rerum

274 3240 573 3301 celeribus
612 3247 675 3298 et
713 3238 927 3298 calidis
963 3237 1181 3298 nuntiis
1210 3235 1289 3296 ad
1320 3236 1620 3296 Caesarem
1663 3235 1889 3306 delata,
1931 3253 2186 3294 mersum

275 3335 711 3417 voluptatibus,
752 3345 815 3395 et
846 3333 1149 3416 AEgyptiis
1181 3332 1417 3392 deliciis
1448 3331 1874 3411 mancipatum,
1916 3330 1997 3391 ad
2031 3328 2203 3390 rem-'

278 3433 589 3516 publicam
640 3432 1084 3514 capessendam,
1131 3428 1362 3491 duobus
1413 3429 1710 3490 acerrimis
1747 3427 2027 3502 stimulis,
2079 3423 2200 3487 ex-'

271 3523 550 3592 citarunt.
