3300 5234
940 550 1143 599 unm
1196 548 1323 599 CX.
1366 548 2018 607 SUPPLEMENTUM.

432 698 538 754 44.
562 699 583 731 ‘
608 690 828 755 Utrum
851 712 965 773 ego
987 692 1183 765 vobis,
1200 712 1277 754 an
1296 713 1440 756 vcro
1459 712 1569 756 vos
1592 714 1688 755 me
1713 695 1902 775 magis
1925 692 2258 775 indigeatis,

352 790 485 852 haec
524 800 650 851 tam
692 792 973 863 recentia,
1018 800 1145 853 tam
1182 800 1347 852 certa
1390 791 1748 853 documenta
1793 792 2108 853 admonere
2151 812 2262 855 vos

355 908 469 948 uon
496 888 855 969 potuerunt?
938 885 1155 969 Nuper
1194 896 1427 949 tantum
1466 888 1698 950 bellum
1735 910 1874 951 cum
1915 890 2124 971 paucis
2155 910 2258 951 co-

354 983 623 1044 hortibus
646 1004 833 1055 orsus,
862 985 1017 1045 intra
1041 984 1386 1045 vicesimum
1409 983 1569 1045 diem
1609 1004 1792 1069 supra
1815 994 2070 1067 quatuor
2109 986 2260 1067 legi-

354 1098 497 1141 ones
515 1080 775 1141 hostium
801 1100 961 1141 meas
982 1079 1123 1141 feei.
1206 1080 1418 1163 Atque
1442 1080 1535 1142 illi
1561 1080 1780 1143 milites
1815 1081 1938 1143 laeti
1965 1080 2262 1145 lubentes-

356 1197 471 1257 que
528 1178 820 1261 imperata
864 1177 1127 1249 faciunt;
1170 1188 1254 1252 et,
1296 1178 1458 1261 quod
1522 1200 1617 1239 me
1664 1180 1862 1260 potius
1905 1180 2262 1263 imperatore

352 1274 553 1335 ferunt
576 1296 763 1347 arma,
806 1274 1061 1337 fortunae
1104 1296 1230 1337 suoe
1272 1275 1661 1357 gratulantur.
1746 1275 1880 1338 Vos
1913 1298 2173 1359 quoque,
2209 1280 2261 1339 si

355 1370 488 1431 aliis
514 1371 628 1432 sub
655 1371 905 1433 ducibus
928 1382 1219 1435 merentes
1244 1374 1303 1433 in
1328 1393 1521 1434 meam
1558 1373 1863 1435 veniaeetis
1887 1382 2260 1456 potestatem,

353 1466 513 1529 idem
535 1466 826 1531 faceretis.
911 1469 1101 1530 Nunc
1132 1469 1397 1531 secunda
1414 1460 1674 1542 tantum,
1699 1471 2064 1553 imperatoris
2083 1473 2264 1533 vestri

354 1565 597 1637 virtute,
624 1586 741 1627 non
761 1576 959 1627 vestra
986 1569 1087 1645 (ne
1105 1568 1335 1646 erretis)
1356 1568 1611 1649 experti,
1638 1588 1832 1649 neque
1851 1568 1950 1629 cui
1975 1568 2261 1641 militetis,

356 1682 553 1744 neque
580 1664 687 1746 qui
729 1686 834 1725 vos
873 1664 986 1747 ipsi
1026 1666 1177 1738 sitis,-
1214 1666 1549 1745 agnoscitis.
1631 1666 1822 1745 Agite
1851 1666 1901 1727 si
1941 1666 2163 1748 placet,
2202 1674 2264 1727 et

356 1760 453 1821 vel
481 1760 563 1823 ad
581 1761 943 1843 Pompeium
968 1764 1229 1824 transite.
1314 1762 1543 1844 Ecquis
1563 1773 1824 1826 vestrum
1845 1773 1970 1825 tam
1989 1772 2080 1825 est
2103 1784 2263 1824 arro—

358 1878 527 1938 gans,
555 1870 623 1921 ut
646 1880 763 1921 non
790 1860 991 1933 multis
1016 1860 1209 1921 modis
1231 1859 1306 1921 Τ.
1336 1861 1605 1922 Labieno
1638 1882 1704 1923 se
1743 1862 2002 1923 fateatur
2025 1860 2264 1922 inferio·

356 1978 475 2019 rem
495 1959 523 2017 ‘l
602 1959 701 2018 At
738 1958 842 2019 ille
878 1960 1023 2020 meis
1058 1959 1335 2040 auspiciis
1372 1959 1595 2039 ubique
1636 1958 2006 2039 magnificus,
2043 1958 2264 2038 ubique

354 2056 568 2127 victor,
592 2077 731 2117 cum
750 2057 1099 2138 imperatore
1126 2058 1380 2118 mutavit
1402 2056 1722 2128 fortunam,
1743 2066 1808 2118 et
1831 2058 2000 2139 quasi
2025 2066 2266 2139 repente

358 2151 555 2213 factus
592 2162 747 2214 esset
788 2154 962 2226 aliua,
1010 2157 1250 2233 ignarus
1296 2163 1474 2214 antea
1512 2154 1738 2215 timoris
1773 2162 1838 2215 et
1883 2154 2062 2234 fugae,
2111 2174 2267 2215 nunc

359 2268 649 2330 nusquam
696 2249 961 2311 locorum
998 2251 1181 2313 audet
1214 2252 1553 2312 consistere.

432 2352 541 2407 45.
580 2354 601 2383 ⁸
634 2346 759 2419 Ite,
786 2348 890 2418 ite,
917 2357 980 2408 et
1002 2348 1117 2408 hoc
1150 2347 1493 2429 exemplum
1526 2346 1860 2430 sequimini,
1887 2346 2128 2429 quando
2161 2367 2270 2407 vos

358 2441 667 2505 felicitatis
703 2452 917 2506 vestrm
962 2444 1145 2525 piget.
1240 2443 1555 2524 Stipendia
1594 2444 1768 2505 vobis
1796 2446 1964 2525 justo
2005 2452 2267 2525 tempore

354 2537 613 2610 dantur:
659 2560 894 2601 annona
918 2560 1219 2621 nunquam
1244 2540 1475 2611 defuit;
1504 2540 1655 2601 nihil
1677 2554 1872 2620 op'erae
1899 2540 2092 2611 vobis,
2119 2536 2264 2599 nihil

355 2637 606 2717 periculi
632 2638 963 2718 injunctum
986 2646 1097 2709 est,
1116 2640 1293 2719 cujus
1310 2656 1419 2699 vos
1432 2638 1716 2720 poenitere
1740 2636 1980 2697 debeat.
2025 2635 2264 2715 Majore

353 2733 583 2795 sudoris
599 2755 777 2816 quam
800 2736 1101 2815 sanguinis
1115 2736 1380 2816 impensa
1398 2756 1491 2795 res
1508 2734 1768 2796 omnium
1791 2734 2262 2815 pretiosissimas,

354 2835 757 2905 securitatem,
778 2832 1050 2912 gloriam,
1074 2833 1385 2894 victoriam
1406 2832 1777 2912 quasivistis.
1860 2830 2084 2912 Neque
2103 2830 2263 2892 dona

357 2931 533 2992 vobis
572 2940 751 3012 atque
794 2932 1037 3012 praemia
1062 2930 1399 3002 defuerunt,
1428 2950 1565 3011 quae
1604 2948 1838 3011 semper
1883 2928 2052 3009 larga
2085 2949 2262 2990 manu

357 3027 673 3098 distribui3
718 3029 779 3088 in
820 3029 1009 3110 poenis
1047 3029 1300 3110 parcior,
1345 3048 1457 3089 nec
1493 3038 1712 3105 temere
1751 3026 1912 3087 ultra
1949 3028 2262 3091 verborum

358 3126 807 3205 castigationem
850 3146 1204 3207 progressus.
1308 3124 1404 3187 At
1440 3144 1619 3197 nunc,
1663 3134 1732 3208 ut
1773 3123 2046 3185 sentiatis
2082 3144 2262 3206 quem

360 3223 845 3303 provocaveritis,
870 3232 1055 3304 utque
1080 3231 1290 3285 vestroe
1332 3241 1519 3304 poenae
1542 3220 1882 3303 exemplum
1929 3242 1968 3281 a
2007 3222 2135 3303 pari
2172 3222 2264 3282 in-

2415 534 2588 601 5187

360 3320 531 3381 sauia
566 3318 879 3380 Romanos
902 3320 1198 3380 exercitus
1222 3320 1575 3391 absterreat,
1606 3338 1826 3379 morem
1865 3319 2158 3398 majorum
2203 3327 2267 3379 et
2291 3321 2508 3389 Appia.

358 3415 813 3477 clarissimorum
840 3415 1059 3478 ducum
1086 3416 1355 3477 instituta
1376 3424 1637 3488 secutus,
1685 3414 1976 3494 leg-ionem
2001 3414 2264 3476 decima-

362 3514 462 3574 bo.
546 3512 706 3575 Sane
746 3514 930 3575 amari
968 3534 1200 3595 semper
1244 3534 1283 3573 a
1318 3512 1607 3573 militibus
1644 3512 1814 3583 meis,
1858 3532 2039 3592 quam
2075 3514 2268 3573 timeri

365 3610 569 3671 malni.
654 3608 777 3671 Sed
810 3610 1090 3691 quoniam
1130 3608 1405 3682 alterum,
1456 3629 1593 3669 cum
1638 3618 1919 3690 praestare
1953 3608 2268 3680 deberetis,
2345 3662 2350 3665 .

365 3706 674 3777 omisistis;
719 3708 991 3781 alterum,
1020 3705 1183 3787 quod
1208 3705 1487 3767 effecistis
1506 3706 1924 3777 necessarium,
1951 3706 2186 3766 subite?

440 3811 544 3865 46.
587 3803 745 3864 Cum
765 3804 920 3865 hanc
941 3803 1019 3865 ad
1042 3822 1246 3865 vocem
1266 3812 1399 3864 orta
1416 3802 1670 3863 militum
1686 3802 2072 3883 comploratio
2091 3813 2270 3875 esset,

362 3900 585 3963 tribuni
636 3902 1121 3981 centurionesque
1182 3899 1655 3980 exquisitissimis
1705 3899 1980 3981 precibus
2029 3897 2270 3980 placare

365 3998 621 4060 ematis
645 4001 795 4059 iram
820 3998 953 4071 nisi,
982 3999 1087 4058 vix
1123 3997 1367 4059 tandem
1406 3996 1734 4059 effecerunt
1757 4004 1826 4057 ut
1847 3994 2012 4057 flecti
2035 3995 2270 4058 videro-

364 4104 475 4157 tur.
560 4095 757 4175 Igitur
796 4104 1053 4156 resumto
1094 4114 1383 4167 sermone,
1428 4102 1447 4131 ‘
1478 4092 1659 4155 Nihil
1701 4092 1944 4175 quidem
1977 4088 2272 4166 concedi,'

362 4194 469 4264 ait,
498 4202 519 4230 ‘
544 4192 885 4274 oportebat,
926 4192 1016 4252 ita
1049 4192 1309 4252 meritis:
1352 4190 1456 4251 sed
1498 4198 1698 4251 tamen
1739 4196 2052 4251 contentus
2097 4208 2274 4270 poena

364 4308 709 4371 paucorum,
736 4286 895 4349 dabo
932 4286 1299 4349 multitudini
1324 4287 1680 4367 poenitentioe
1708 4286 1924 4349 locum.
2007 4284 2143 4347 Vos
2165 4306 2272 4347 au-

366 4396 509 4459 tem,
534 4385 756 4467 quibus
777 4386 909 4447 haec
944 4384 1123 4447 venia
1144 4383 1509 4457 conceditur,
1546 4384 1698 4466 ,quid
1727 4392 1926 4445 actum
1965 4383 2046 4445 sit
2069 4382 2272 4457 bodie,
