<?xml version="1.0" encoding="UTF-8"?>
<!DOCTYPE html PUBLIC "-//W3C//DTD XHTML 1.0 Transitional//EN"
    "http://www.w3.org/TR/xhtml1/DTD/xhtml1-transitional.dtd">
<html xmlns="http://www.w3.org/1999/xhtml" xml:lang="en" lang="en">
 <head>
  <title>
</title>
<meta http-equiv="Content-Type" content="text/html;charset=utf-8" />
  <meta name='ocr-system' content='tesseract 3.04.00' />
  <meta name='ocr-capabilities' content='ocr_page ocr_carea ocr_par ocr_line ocrx_word'/>
</head>
<body>
  <div class='ocr_page' id='page_1' title='image "./tliviipatavinih35unkngoog/tliviipatavinih35unkngoog_0316.png"; bbox 0 0 3300 5234; ppageno 0'>
   <div class='ocr_carea' id='block_1_1' title="bbox 804 520 985 633">
    <p class='ocr_par' dir='ltr' id='par_1_1' title="bbox 804 520 985 633">
     <span class='ocr_line' id='line_1_1' title="bbox 804 520 985 633; baseline 0 -46"><span class='ocrx_word' id='word_1_1' title='bbox 804 520 985 633; x_wconf 60' lang='lat'><strong>§258</strong></span> 
     </span>
    </p>
   </div>
   <div class='ocr_carea' id='block_1_2' title="bbox 804 1456 924 1509">
    <p class='ocr_par' dir='ltr' id='par_1_2' title="bbox 804 1456 924 1509">
     <span class='ocr_line' id='line_1_2' title="bbox 804 1456 924 1509; baseline 0.017 -2"><span class='ocrx_word' id='word_1_2' title='bbox 804 1456 924 1509; x_wconf 87' lang='lat' dir='ltr'><strong>Dio.</strong></span> 
     </span>
    </p>
   </div>
   <div class='ocr_carea' id='block_1_3' title="bbox 803 1744 1105 1989">
    <p class='ocr_par' dir='ltr' id='par_1_3' title="bbox 803 1744 1105 1989">
     <span class='ocr_line' id='line_1_3' title="bbox 838 1744 1037 1793; baseline -0.005 0"><span class='ocrx_word' id='word_1_3' title='bbox 838 1744 1037 1793; x_wconf 79' lang='lat' dir='ltr'><strong>Sueten.</strong></span> 
     </span>
     <span class='ocr_line' id='line_1_4' title="bbox 803 1809 1105 1858; baseline 0.003 -1"><span class='ocrx_word' id='word_1_4' title='bbox 803 1809 966 1858; x_wconf 86' lang='lat' dir='ltr'><strong>Tiber.</strong></span> <span class='ocrx_word' id='word_1_5' title='bbox 988 1825 1033 1858; x_wconf 85' lang='lat' dir='ltr'><strong>c.</strong></span> <span class='ocrx_word' id='word_1_6' title='bbox 1054 1813 1105 1858; x_wconf 79' lang='lat'><strong>⁴.</strong></span> 
     </span>
     <span class='ocr_line' id='line_1_5' title="bbox 808 1872 1075 1923; baseline 0.011 -3"><span class='ocrx_word' id='word_1_7' title='bbox 808 1872 940 1921; x_wconf 65' lang='lat' dir='ltr'><strong>Hire.</strong></span> <span class='ocrx_word' id='word_1_8' title='bbox 962 1874 1075 1923; x_wconf 84' lang='lat' dir='ltr'><strong>Dio.</strong></span> 
     </span>
     <span class='ocr_line' id='line_1_6' title="bbox 807 1938 1009 1989; baseline 0.015 -3"><span class='ocrx_word' id='word_1_9' title='bbox 807 1938 1009 1989; x_wconf 75' lang='lat' dir='ltr'><strong>Sueton-</strong></span> 
     </span>
    </p>
   </div>
   <div class='ocr_carea' id='block_1_4' title="bbox 804 2119 937 2170">
    <p class='ocr_par' dir='ltr' id='par_1_4' title="bbox 804 2119 937 2170">
     <span class='ocr_line' id='line_1_7' title="bbox 804 2119 937 2170; baseline 0 0"><span class='ocrx_word' id='word_1_10' title='bbox 804 2119 937 2170; x_wconf 78' lang='lat' dir='ltr'><strong>Hirt.</strong></span> 
     </span>
    </p>
   </div>
   <div class='ocr_carea' id='block_1_5' title="bbox 804 2801 1035 2979">
    <p class='ocr_par' dir='ltr' id='par_1_5' title="bbox 804 2801 1035 2979">
     <span class='ocr_line' id='line_1_8' title="bbox 844 2801 1035 2860; baseline 0.01 -12"><span class='ocrx_word' id='word_1_11' title='bbox 844 2801 1035 2860; x_wconf 80' lang='lat' dir='ltr'><strong>Strabo,</strong></span> 
     </span>
     <span class='ocr_line' id='line_1_9' title="bbox 808 2880 1003 2931; baseline 0.015 -20"><span class='ocrx_word' id='word_1_12' title='bbox 808 2880 929 2914; x_wconf 76' lang='lat'>1111.</span> <span class='ocrx_word' id='word_1_13' title='bbox 952 2883 1003 2931; x_wconf 88' lang='lat' dir='ltr'><strong>p.</strong></span> 
     </span>
     <span class='ocr_line' id='line_1_10' title="bbox 804 2934 923 2979; baseline -0.008 0"><span class='ocrx_word' id='word_1_14' title='bbox 804 2934 923 2979; x_wconf 72' lang='lat'><strong>6²5·</strong></span> 
     </span>
    </p>
   </div>
   <div class='ocr_carea' id='block_1_6' title="bbox 804 3090 1079 3466">
    <p class='ocr_par' dir='ltr' id='par_1_6' title="bbox 806 3090 1079 3270">
     <span class='ocr_line' id='line_1_11' title="bbox 835 3090 1051 3143; baseline 0.019 -5"><span class='ocrx_word' id='word_1_15' title='bbox 835 3090 967 3143; x_wconf 84' lang='lat' dir='ltr'><strong>Plut.</strong></span> <span class='ocrx_word' id='word_1_16' title='bbox 989 3094 1051 3142; x_wconf 85' lang='lat' dir='ltr'><strong>de</strong></span> 
     </span>
     <span class='ocr_line' id='line_1_12' title="bbox 807 3156 1079 3206; baseline 0.004 -1"><span class='ocrx_word' id='word_1_17' title='bbox 807 3156 935 3205; x_wconf 76' lang='lat' dir='ltr'><strong>virt.</strong></span> <span class='ocrx_word' id='word_1_18' title='bbox 955 3158 1079 3206; x_wconf 81' lang='lat' dir='ltr'><strong>Mul.</strong></span> 
     </span>
     <span class='ocr_line' id='line_1_13' title="bbox 806 3221 956 3270; baseline -0.007 -1"><span class='ocrx_word' id='word_1_19' title='bbox 806 3236 850 3269; x_wconf 86' lang='lat' dir='ltr'><strong>c.</strong></span> <span class='ocrx_word' id='word_1_20' title='bbox 874 3221 956 3270; x_wconf 65' lang='lat'><strong>³4.</strong></span> 
     </span>
    </p>

    <p class='ocr_par' dir='ltr' id='par_1_7' title="bbox 804 3285 1051 3466">
     <span class='ocr_line' id='line_1_14' title="bbox 839 3285 1051 3335; baseline 0.014 -3"><span class='ocrx_word' id='word_1_21' title='bbox 839 3285 966 3335; x_wconf 83' lang='lat' dir='ltr'><strong>Hirt.</strong></span> <span class='ocrx_word' id='word_1_22' title='bbox 989 3285 1051 3335; x_wconf 85' lang='lat' dir='ltr'><strong>de</strong></span> 
     </span>
     <span class='ocr_line' id='line_1_15' title="bbox 804 3349 1042 3400; baseline 0.008 -2"><span class='ocrx_word' id='word_1_23' title='bbox 804 3349 871 3399; x_wconf 82' lang='lat' dir='ltr'><strong>B.</strong></span> <span class='ocrx_word' id='word_1_24' title='bbox 892 3350 1042 3400; x_wconf 78' lang='lat' dir='ltr'><strong>Alex.</strong></span> 
     </span>
     <span class='ocr_line' id='line_1_16' title="bbox 804 3418 990 3466; baseline 0.005 -4"><span class='ocrx_word' id='word_1_25' title='bbox 804 3430 849 3465; x_wconf 90' lang='lat' dir='ltr'><strong>c.</strong></span> <span class='ocrx_word' id='word_1_26' title='bbox 874 3418 959 3466; x_wconf 85' lang='grc'><strong>78.</strong></span> <span class='ocrx_word' id='word_1_27' title='bbox 982 3426 990 3434; x_wconf 90' lang='grc'><em>·</em></span> 
     </span>
    </p>
   </div>
   <div class='ocr_carea' id='block_1_7' title="bbox 804 3574 1062 3727">
    <p class='ocr_par' dir='ltr' id='par_1_8' title="bbox 804 3574 1062 3727">
     <span class='ocr_line' id='line_1_17' title="bbox 804 3574 923 3627; baseline 0.017 -2"><span class='ocrx_word' id='word_1_28' title='bbox 804 3574 923 3627; x_wconf 85' lang='lat' dir='ltr'><strong>Dio.</strong></span> 
     </span>
     <span class='ocr_line' id='line_1_18' title="bbox 836 3674 1062 3727; baseline 0.022 -5"><span class='ocrx_word' id='word_1_29' title='bbox 836 3674 1062 3727; x_wconf 74' lang='lat' dir='ltr'><strong>Marcell.</strong></span> 
     </span>
    </p>
   </div>
   <div class='ocr_carea' id='block_1_8' title="bbox 738 3754 950 3788">
    <p class='ocr_par' dir='ltr' id='par_1_9' title="bbox 738 3754 950 3788">
     <span class='ocr_line' id='line_1_19' title="bbox 738 3754 950 3788; baseline 0.009 -2"><span class='ocrx_word' id='word_1_30' title='bbox 738 3756 749 3777; x_wconf 72' lang='lat'><strong><em>⁹</em></strong></span> <span class='ocrx_word' id='word_1_31' title='bbox 806 3754 950 3788; x_wconf 70' lang='lat' dir='ltr'><strong>XXlI-</strong></span> 
     </span>
    </p>
   </div>
   <div class='ocr_carea' id='block_1_9' title="bbox 806 3804 1028 4111">
    <p class='ocr_par' dir='ltr' id='par_1_10' title="bbox 806 3804 1028 4111">
     <span class='ocr_line' id='line_1_20' title="bbox 838 3804 1028 3867; baseline 0.021 -18"><span class='ocrx_word' id='word_1_32' title='bbox 838 3804 1028 3867; x_wconf 81' lang='lat' dir='ltr'><strong>Strabo,</strong></span> 
     </span>
     <span class='ocr_line' id='line_1_21' title="bbox 806 3882 1023 3933; baseline 0.032 -20"><span class='ocrx_word' id='word_1_33' title='bbox 806 3882 947 3919; x_wconf 73' lang='lat' dir='ltr'><strong>xvir.</strong></span> <span class='ocrx_word' id='word_1_34' title='bbox 970 3884 1023 3933; x_wconf 84' lang='lat' dir='ltr'><strong>p.</strong></span> 
     </span>
     <span class='ocr_line' id='line_1_22' title="bbox 806 3936 923 3982; baseline 0.017 -2"><span class='ocrx_word' id='word_1_35' title='bbox 806 3936 923 3982; x_wconf 71' lang='lat'><strong>804.</strong></span> 
     </span>
     <span class='ocr_line' id='line_1_23' title="bbox 806 3996 924 4044; baseline 0.008 -1"><span class='ocrx_word' id='word_1_36' title='bbox 806 3996 924 4044; x_wconf 84' lang='lat' dir='ltr'><strong>Dio.</strong></span> 
     </span>
     <span class='ocr_line' id='line_1_24' title="bbox 806 4060 932 4111; baseline 0.016 -2"><span class='ocrx_word' id='word_1_37' title='bbox 806 4060 932 4111; x_wconf 73' lang='lat' dir='ltr'><strong>Birt.</strong></span> 
     </span>
    </p>
   </div>
   <div class='ocr_carea' id='block_1_10' title="bbox 1773 534 2082 583">
    <p class='ocr_par' dir='ltr' id='par_1_11' title="bbox 1773 534 2082 583">
     <span class='ocr_line' id='line_1_25' title="bbox 1773 534 2082 583; baseline 0.003 -1"><span class='ocrx_word' id='word_1_38' title='bbox 1773 536 1842 582; x_wconf 83' lang='grc' dir='ltr'><strong>Τ.</strong></span> <span class='ocrx_word' id='word_1_39' title='bbox 1893 534 2082 583; x_wconf 73' lang='lat' dir='ltr'><strong>mvn</strong></span> 
     </span>
    </p>
   </div>
   <div class='ocr_carea' id='block_1_11' title="bbox 1128 676 3038 4437">
    <p class='ocr_par' dir='ltr' id='par_1_12' title="bbox 1128 676 3036 1340">
     <span class='ocr_line' id='line_1_26' title="bbox 1134 676 3034 761; baseline -0.001 -22"><span class='ocrx_word' id='word_1_40' title='bbox 1134 678 1407 761; x_wconf 59' lang='lat' dir='ltr'><strong>prasidio</strong></span> <span class='ocrx_word' id='word_1_41' title='bbox 1453 679 1565 739; x_wconf 87' lang='lat' dir='ltr'><strong>sibi</strong></span> <span class='ocrx_word' id='word_1_42' title='bbox 1608 676 1756 749; x_wconf 80' lang='lat' dir='ltr'><strong>fore,</strong></span> <span class='ocrx_word' id='word_1_43' title='bbox 1794 698 1914 759; x_wconf 88' lang='lat' dir='ltr'><strong>quo</strong></span> <span class='ocrx_word' id='word_1_44' title='bbox 1955 678 2140 739; x_wconf 84' lang='lat' dir='ltr'><strong>tutius</strong></span> <span class='ocrx_word' id='word_1_45' title='bbox 2179 677 2256 739; x_wconf 90' lang='lat' dir='ltr'><strong>ad</strong></span> <span class='ocrx_word' id='word_1_46' title='bbox 2299 677 2622 737; x_wconf 73' lang='lat' dir='ltr'><strong>amicitiam</strong></span> <span class='ocrx_word' id='word_1_47' title='bbox 2659 676 3034 758; x_wconf 82' lang='lat' dir='ltr'><strong>officiumque</strong></span> 
     </span>
     <span class='ocr_line' id='line_1_27' title="bbox 1130 772 3036 855; baseline -0.001 -20"><span class='ocrx_word' id='word_1_48' title='bbox 1130 774 1416 835; x_wconf 88' lang='lat' dir='ltr'><strong>redeant.’</strong></span> <span class='ocrx_word' id='word_1_49' title='bbox 1500 774 1601 835; x_wconf 92' lang='lat' dir='ltr'><strong>Ibi</strong></span> <span class='ocrx_word' id='word_1_50' title='bbox 1626 773 1998 835; x_wconf 84' lang='lat' dir='ltr'><strong>Ptolemaeus</strong></span> <span class='ocrx_word' id='word_1_51' title='bbox 2023 773 2170 833; x_wconf 85' lang='lat' dir='ltr'><strong>fiens</strong></span> <span class='ocrx_word' id='word_1_52' title='bbox 2193 794 2362 835; x_wconf 84' lang='lat' dir='ltr'><strong>orare</strong></span> <span class='ocrx_word' id='word_1_53' title='bbox 2405 772 2703 833; x_wconf 61' lang='lat' dir='ltr'><strong>Caesarem</strong></span> <span class='ocrx_word' id='word_1_54' title='bbox 2735 775 2940 855; x_wconf 87' lang='lat' dir='ltr'><strong>coepit,</strong></span> <span class='ocrx_word' id='word_1_55' title='bbox 2963 794 3036 834; x_wconf 89' lang='lat' dir='ltr'><strong>ne</strong></span> 
     </span>
     <span class='ocr_line' id='line_1_28' title="bbox 1128 866 3032 952; baseline -0.001 -20"><span class='ocrx_word' id='word_1_56' title='bbox 1128 894 1192 932; x_wconf 83' lang='lat' dir='ltr'><strong>se</strong></span> <span class='ocrx_word' id='word_1_57' title='bbox 1228 872 1568 933; x_wconf 90' lang='lat' dir='ltr'><strong>dimitteret.</strong></span> <span class='ocrx_word' id='word_1_58' title='bbox 1628 866 1672 908; x_wconf 71' lang='lat'><strong>&#39;⁴</strong></span> <span class='ocrx_word' id='word_1_59' title='bbox 1704 871 1881 931; x_wconf 89' lang='lat' dir='ltr'><strong>Nihil</strong></span> <span class='ocrx_word' id='word_1_60' title='bbox 1923 872 2036 931; x_wconf 85' lang='lat' dir='ltr'><strong>sibi</strong></span> <span class='ocrx_word' id='word_1_61' title='bbox 2075 881 2394 952; x_wconf 86' lang='lat' dir='ltr'><strong>conspectu</strong></span> <span class='ocrx_word' id='word_1_62' title='bbox 2435 872 2615 952; x_wconf 88' lang='lat' dir='ltr'><strong>ipsius</strong></span> <span class='ocrx_word' id='word_1_63' title='bbox 2655 892 2783 932; x_wconf 85' lang='lat' dir='ltr'><strong>esse</strong></span> <span class='ocrx_word' id='word_1_64' title='bbox 2813 874 3032 951; x_wconf 86' lang='lat' dir='ltr'><strong>jucun·</strong></span> 
     </span>
     <span class='ocr_line' id='line_1_29' title="bbox 1128 966 3030 1047; baseline 0.001 -20"><span class='ocrx_word' id='word_1_65' title='bbox 1128 967 1302 1028; x_wconf 90' lang='lat' dir='ltr'><strong>dius.’</strong></span> <span class='ocrx_word' id='word_1_66' title='bbox 1386 968 1509 1029; x_wconf 85' lang='lat' dir='ltr'><strong>Sed</strong></span> <span class='ocrx_word' id='word_1_67' title='bbox 1552 968 1705 1029; x_wconf 88' lang='lat' dir='ltr'><strong>adeo</strong></span> <span class='ocrx_word' id='word_1_68' title='bbox 1743 966 1902 1029; x_wconf 85' lang='lat' dir='ltr'><strong>fictae</strong></span> <span class='ocrx_word' id='word_1_69' title='bbox 1938 966 2174 1027; x_wconf 82' lang='lat' dir='ltr'><strong>fuerunt</strong></span> <span class='ocrx_word' id='word_1_70' title='bbox 2213 987 2300 1027; x_wconf 85' lang='lat' dir='ltr'><strong>eae</strong></span> <span class='ocrx_word' id='word_1_71' title='bbox 2343 967 2644 1047; x_wconf 83' lang='lat' dir='ltr'><strong>lacrymae,</strong></span> <span class='ocrx_word' id='word_1_72' title='bbox 2678 977 2744 1027; x_wconf 93' lang='lat' dir='ltr'><strong>ut</strong></span> <span class='ocrx_word' id='word_1_73' title='bbox 2777 966 3030 1028; x_wconf 86' lang='lat' dir='ltr'><strong>adventu</strong></span> 
     </span>
     <span class='ocr_line' id='line_1_30' title="bbox 1128 1054 3032 1145; baseline 0 -22"><span class='ocrx_word' id='word_1_74' title='bbox 1128 1066 1259 1143; x_wconf 89' lang='lat' dir='ltr'><strong>ejus</strong></span> <span class='ocrx_word' id='word_1_75' title='bbox 1286 1064 1710 1137; x_wconf 78' lang='lat' dir='ltr'><strong>Alexandrini,</strong></span> <span class='ocrx_word' id='word_1_76' title='bbox 1737 1066 1786 1124; x_wconf 88' lang='lat' dir='ltr'><strong>si</strong></span> <span class='ocrx_word' id='word_1_77' title='bbox 1827 1054 2008 1145; x_wconf 83' lang='lat' dir='ltr'><strong>quam</strong></span> <span class='ocrx_word' id='word_1_78' title='bbox 2049 1074 2224 1125; x_wconf 90' lang='lat' dir='ltr'><strong>antea</strong></span> <span class='ocrx_word' id='word_1_79' title='bbox 2263 1065 2680 1144; x_wconf 76' lang='lat' dir='ltr'><strong>cogitationem</strong></span> <span class='ocrx_word' id='word_1_80' title='bbox 2721 1066 2888 1144; x_wconf 82' lang='lat' dir='ltr'><strong>pacis</strong></span> <span class='ocrx_word' id='word_1_81' title='bbox 2931 1066 3032 1125; x_wconf 91' lang='lat' dir='ltr'><strong>ha-</strong></span> 
     </span>
     <span class='ocr_line' id='line_1_31' title="bbox 1130 1161 3032 1243; baseline 0.001 -23"><span class='ocrx_word' id='word_1_82' title='bbox 1130 1161 1421 1233; x_wconf 86' lang='lat' dir='ltr'><strong>buissent,</strong></span> <span class='ocrx_word' id='word_1_83' title='bbox 1472 1183 1605 1222; x_wconf 88' lang='lat' dir='ltr'><strong>eam</strong></span> <span class='ocrx_word' id='word_1_84' title='bbox 1672 1182 1906 1223; x_wconf 89' lang='lat' dir='ltr'><strong>omnem</strong></span> <span class='ocrx_word' id='word_1_85' title='bbox 1966 1162 2350 1243; x_wconf 85' lang='lat' dir='ltr'>deponerent,</span> <span class='ocrx_word' id='word_1_86' title='bbox 2420 1161 2758 1242; x_wconf 87' lang='lat' dir='ltr'>bellumque</span> <span class='ocrx_word' id='word_1_87' title='bbox 2819 1163 3032 1234; x_wconf 79' lang='lat' dir='ltr'><strong>acrius,</strong></span> 
     </span>
     <span class='ocr_line' id='line_1_32' title="bbox 1130 1250 2375 1340; baseline -0.001 -20"><span class='ocrx_word' id='word_1_88' title='bbox 1130 1280 1311 1340; x_wconf 89' lang='lat' dir='ltr'><strong>quam</strong></span> <span class='ocrx_word' id='word_1_89' title='bbox 1351 1278 1611 1339; x_wconf 89' lang='lat' dir='ltr'><strong>unquam</strong></span> <span class='ocrx_word' id='word_1_90' title='bbox 1655 1250 1837 1340; x_wconf 74' lang='lat' dir='ltr'><strong>priuS,</strong></span> <span class='ocrx_word' id='word_1_91' title='bbox 1879 1258 2375 1319; x_wconf 86' lang='lat' dir='ltr'><strong>administrarent.</strong></span> 
     </span>
    </p>

    <p class='ocr_par' dir='ltr' id='par_1_13' title="bbox 1129 1353 3038 2407">
     <span class='ocr_line' id='line_1_33' title="bbox 1211 1353 3032 1439; baseline -0.002 -21"><span class='ocrx_word' id='word_1_92' title='bbox 1211 1363 1311 1420; x_wconf 84' lang='grc'><strong>75.</strong></span> <span class='ocrx_word' id='word_1_93' title='bbox 1354 1356 1493 1416; x_wconf 86' lang='lat' dir='ltr'><strong>Jam</strong></span> <span class='ocrx_word' id='word_1_94' title='bbox 1520 1377 1599 1416; x_wconf 85' lang='lat' dir='ltr'><strong>ex</strong></span> <span class='ocrx_word' id='word_1_95' title='bbox 1628 1356 1807 1439; x_wconf 68' lang='lat' dir='ltr'><strong>Syria</strong></span> <span class='ocrx_word' id='word_1_96' title='bbox 1831 1365 1893 1416; x_wconf 94' lang='lat' dir='ltr'><strong>et</strong></span> <span class='ocrx_word' id='word_1_97' title='bbox 1911 1356 2133 1415; x_wconf 86' lang='lat' dir='ltr'><strong>Cilicia</strong></span> <span class='ocrx_word' id='word_1_98' title='bbox 2157 1353 2454 1416; x_wconf 87' lang='lat' dir='ltr'><strong>confluere</strong></span> <span class='ocrx_word' id='word_1_99' title='bbox 2481 1354 2708 1415; x_wconf 89' lang='lat' dir='ltr'><strong>auxilia</strong></span> <span class='ocrx_word' id='word_1_100' title='bbox 2731 1353 3032 1415; x_wconf 80' lang='lat' dir='ltr'><strong>adCaesa-</strong></span> 
     </span>
     <span class='ocr_line' id='line_1_34' title="bbox 1130 1451 3036 1532; baseline 0 -20"><span class='ocrx_word' id='word_1_101' title='bbox 1130 1472 1254 1512; x_wconf 89' lang='lat' dir='ltr'><strong>rem</strong></span> <span class='ocrx_word' id='word_1_102' title='bbox 1300 1462 1618 1532; x_wconf 89' lang='lat' dir='ltr'><strong>coeperant,</strong></span> <span class='ocrx_word' id='word_1_103' title='bbox 1673 1462 2149 1531; x_wconf 83' lang='lat' dir='ltr'><strong>commeatusque</strong></span> <span class='ocrx_word' id='word_1_104' title='bbox 2201 1452 2451 1511; x_wconf 84' lang='lat' dir='ltr'><strong>navibus</strong></span> <span class='ocrx_word' id='word_1_105' title='bbox 2495 1452 2815 1532; x_wconf 88' lang='lat' dir='ltr'><strong>apportari.</strong></span> <span class='ocrx_word' id='word_1_106' title='bbox 2911 1451 3036 1512; x_wconf 82' lang='lat' dir='ltr'><strong>His</strong></span> 
     </span>
     <span class='ocr_line' id='line_1_35' title="bbox 1130 1549 3030 1631; baseline 0.001 -24"><span class='ocrx_word' id='word_1_107' title='bbox 1130 1550 1566 1630; x_wconf 83' lang='lat' dir='ltr'><strong>intercipiendis</strong></span> <span class='ocrx_word' id='word_1_108' title='bbox 1610 1550 1882 1631; x_wconf 81' lang='lat' dir='ltr'><strong>AEgyptii</strong></span> <span class='ocrx_word' id='word_1_109' title='bbox 1932 1550 2011 1609; x_wconf 91' lang='lat' dir='ltr'><strong>ad</strong></span> <span class='ocrx_word' id='word_1_110' title='bbox 2067 1549 2206 1608; x_wconf 88' lang='lat' dir='ltr'><strong>Nili</strong></span> <span class='ocrx_word' id='word_1_111' title='bbox 2255 1550 2409 1609; x_wconf 87' lang='lat' dir='ltr'><strong>ostia</strong></span> <span class='ocrx_word' id='word_1_112' title='bbox 2447 1550 2612 1627; x_wconf 88' lang='lat' dir='ltr'><strong>ignes</strong></span> <span class='ocrx_word' id='word_1_113' title='bbox 2650 1549 3030 1619; x_wconf 85' lang='lat' dir='ltr'><strong>excitabant;</strong></span> 
     </span>
     <span class='ocr_line' id='line_1_36' title="bbox 1131 1644 3032 1727; baseline 0.002 -23"><span class='ocrx_word' id='word_1_114' title='bbox 1131 1647 1349 1726; x_wconf 87' lang='lat' dir='ltr'><strong>quibus</strong></span> <span class='ocrx_word' id='word_1_115' title='bbox 1411 1647 1668 1726; x_wconf 90' lang='lat' dir='ltr'><strong>decepti,</strong></span> <span class='ocrx_word' id='word_1_116' title='bbox 1719 1668 1857 1707; x_wconf 90' lang='lat' dir='ltr'><strong>cum</strong></span> <span class='ocrx_word' id='word_1_117' title='bbox 1909 1648 1994 1706; x_wconf 88' lang='lat' dir='ltr'><strong>ibi</strong></span> <span class='ocrx_word' id='word_1_118' title='bbox 2047 1646 2324 1727; x_wconf 85' lang='lat' dir='ltr'><strong>praesidia</strong></span> <span class='ocrx_word' id='word_1_119' title='bbox 2374 1644 2628 1706; x_wconf 52' lang='lat' dir='ltr'><strong>Caesaris</strong></span> <span class='ocrx_word' id='word_1_120' title='bbox 2677 1666 2802 1705; x_wconf 81' lang='lat' dir='ltr'><strong>esse</strong></span> <span class='ocrx_word' id='word_1_121' title='bbox 2861 1656 3032 1727; x_wconf 88' lang='lat' dir='ltr'><strong>puta·</strong></span> 
     </span>
     <span class='ocr_line' id='line_1_37' title="bbox 1132 1742 3034 1814; baseline 0.001 -12"><span class='ocrx_word' id='word_1_122' title='bbox 1132 1752 1283 1814; x_wconf 91' lang='lat' dir='ltr'><strong>rent,</strong></span> <span class='ocrx_word' id='word_1_123' title='bbox 1337 1743 1604 1803; x_wconf 91' lang='lat' dir='ltr'><strong>nonnulli</strong></span> <span class='ocrx_word' id='word_1_124' title='bbox 1665 1745 1995 1803; x_wconf 87' lang='lat' dir='ltr'><strong>inciderunt</strong></span> <span class='ocrx_word' id='word_1_125' title='bbox 2059 1746 2120 1803; x_wconf 90' lang='lat' dir='ltr'><strong>in</strong></span> <span class='ocrx_word' id='word_1_126' title='bbox 2181 1744 2438 1803; x_wconf 86' lang='lat' dir='ltr'><strong>hostium</strong></span> <span class='ocrx_word' id='word_1_127' title='bbox 2487 1764 2714 1803; x_wconf 75' lang='lat' dir='ltr'><strong>manus,</strong></span> <span class='ocrx_word' id='word_1_128' title='bbox 2825 1742 3034 1804; x_wconf 88' lang='lat' dir='ltr'><strong>Donec</strong></span> 
     </span>
     <span class='ocr_line' id='line_1_38' title="bbox 1131 1838 3035 1920; baseline 0.001 -21"><span class='ocrx_word' id='word_1_129' title='bbox 1131 1849 1385 1920; x_wconf 60' lang='lat' dir='ltr'><strong>quaestor</strong></span> <span class='ocrx_word' id='word_1_130' title='bbox 1409 1839 1504 1899; x_wconf 90' lang='lat' dir='ltr'><strong>Ti.</strong></span> <span class='ocrx_word' id='word_1_131' title='bbox 1534 1839 1829 1899; x_wconf 87' lang='lat' dir='ltr'><strong>Claudius</strong></span> <span class='ocrx_word' id='word_1_132' title='bbox 1854 1840 2050 1909; x_wconf 88' lang='lat' dir='ltr'><strong>Nero,</strong></span> <span class='ocrx_word' id='word_1_133' title='bbox 2077 1850 2245 1920; x_wconf 91' lang='lat' dir='ltr'><strong>pater</strong></span> <span class='ocrx_word' id='word_1_134' title='bbox 2280 1841 2410 1918; x_wconf 85' lang='lat' dir='ltr'><strong>ejus</strong></span> <span class='ocrx_word' id='word_1_135' title='bbox 2433 1838 2658 1898; x_wconf 90' lang='lat' dir='ltr'><strong>Tiberii</strong></span> <span class='ocrx_word' id='word_1_136' title='bbox 2694 1840 2799 1919; x_wconf 88' lang='lat' dir='ltr'><strong>qui</strong></span> <span class='ocrx_word' id='word_1_137' title='bbox 2831 1850 3035 1920; x_wconf 85' lang='lat' dir='ltr'><strong>postea</strong></span> 
     </span>
     <span class='ocr_line' id='line_1_39' title="bbox 1132 1936 3038 2017; baseline 0.001 -22"><span class='ocrx_word' id='word_1_138' title='bbox 1132 1936 1465 2017; x_wconf 83' lang='lat' dir='ltr'><strong>imperavit,</strong></span> <span class='ocrx_word' id='word_1_139' title='bbox 1493 1957 1627 1997; x_wconf 89' lang='lat' dir='ltr'><strong>cum</strong></span> <span class='ocrx_word' id='word_1_140' title='bbox 1670 1936 1857 1996; x_wconf 86' lang='lat' dir='ltr'><strong>classe</strong></span> <span class='ocrx_word' id='word_1_141' title='bbox 1897 1937 1975 1996; x_wconf 91' lang='lat' dir='ltr'><strong>ad</strong></span> <span class='ocrx_word' id='word_1_142' title='bbox 2007 1936 2320 2017; x_wconf 82' lang='lat' dir='ltr'><strong>Canopum</strong></span> <span class='ocrx_word' id='word_1_143' title='bbox 2365 1946 2698 2016; x_wconf 83' lang='lat' dir='ltr'><strong>provectus,</strong></span> <span class='ocrx_word' id='word_1_144' title='bbox 2723 1939 3038 1997; x_wconf 68' lang='lat' dir='ltr'><strong>summovit</strong></span> 
     </span>
     <span class='ocr_line' id='line_1_40' title="bbox 1132 2030 3034 2114; baseline 0.001 -22"><span class='ocrx_word' id='word_1_145' title='bbox 1132 2030 1549 2114; x_wconf 85' lang='lat' dir='ltr'><strong>AEgyptiorum</strong></span> <span class='ocrx_word' id='word_1_146' title='bbox 1590 2035 1897 2105; x_wconf 87' lang='lat' dir='ltr'><strong>stationes,</strong></span> <span class='ocrx_word' id='word_1_147' title='bbox 1941 2034 2375 2114; x_wconf 90' lang='lat' dir='ltr'><strong>plurimumque</strong></span> <span class='ocrx_word' id='word_1_148' title='bbox 2413 2053 2484 2092; x_wconf 91' lang='lat' dir='ltr'><strong>eo</strong></span> <span class='ocrx_word' id='word_1_149' title='bbox 2521 2032 2682 2094; x_wconf 86' lang='lat' dir='ltr'><strong>facto</strong></span> <span class='ocrx_word' id='word_1_150' title='bbox 2728 2032 2808 2093; x_wconf 88' lang='lat' dir='ltr'><strong>ad</strong></span> <span class='ocrx_word' id='word_1_151' title='bbox 2850 2035 3034 2095; x_wconf 82' lang='lat' dir='ltr'><strong>victo-</strong></span> 
     </span>
     <span class='ocr_line' id='line_1_41' title="bbox 1132 2130 3034 2211; baseline 0.002 -22"><span class='ocrx_word' id='word_1_152' title='bbox 1132 2131 1277 2189; x_wconf 87' lang='lat' dir='ltr'><strong>riam</strong></span> <span class='ocrx_word' id='word_1_153' title='bbox 1316 2131 1588 2191; x_wconf 87' lang='lat' dir='ltr'><strong>eoutulit.</strong></span> <span class='ocrx_word' id='word_1_154' title='bbox 1674 2132 1949 2191; x_wconf 86' lang='lat' dir='ltr'><strong>Amissus</strong></span> <span class='ocrx_word' id='word_1_155' title='bbox 1983 2141 2180 2192; x_wconf 91' lang='lat' dir='ltr'><strong>tamen</strong></span> <span class='ocrx_word' id='word_1_156' title='bbox 2220 2152 2294 2191; x_wconf 89' lang='lat' dir='ltr'><strong>ea</strong></span> <span class='ocrx_word' id='word_1_157' title='bbox 2332 2130 2714 2211; x_wconf 83' lang='lat' dir='ltr'><strong>expeditione</strong></span> <span class='ocrx_word' id='word_1_158' title='bbox 2749 2152 2888 2191; x_wconf 88' lang='lat' dir='ltr'><strong>cum</strong></span> <span class='ocrx_word' id='word_1_159' title='bbox 2929 2152 3034 2192; x_wconf 82' lang='lat' dir='ltr'><strong>sua</strong></span> 
     </span>
     <span class='ocr_line' id='line_1_42' title="bbox 1132 2227 3033 2310; baseline 0.001 -23"><span class='ocrx_word' id='word_1_160' title='bbox 1132 2227 1484 2308; x_wconf 85' lang='lat' dir='ltr'><strong>quadriremi</strong></span> <span class='ocrx_word' id='word_1_161' title='bbox 1529 2228 1809 2289; x_wconf 86' lang='lat' dir='ltr'><strong>Rhodius</strong></span> <span class='ocrx_word' id='word_1_162' title='bbox 1856 2230 2228 2310; x_wconf 86' lang='lat' dir='ltr'><strong>Euphranor,</strong></span> <span class='ocrx_word' id='word_1_163' title='bbox 2272 2229 2356 2288; x_wconf 90' lang='lat' dir='ltr'><strong>rei</strong></span> <span class='ocrx_word' id='word_1_164' title='bbox 2401 2230 2550 2288; x_wconf 91' lang='lat' dir='ltr'><strong>bene</strong></span> <span class='ocrx_word' id='word_1_165' title='bbox 2591 2238 2774 2307; x_wconf 83' lang='lat' dir='ltr'><strong>gestae</strong></span> <span class='ocrx_word' id='word_1_166' title='bbox 2812 2230 3033 2289; x_wconf 77' lang='lat' dir='ltr'><strong>tristem</strong></span> 
     </span>
     <span class='ocr_line' id='line_1_43' title="bbox 1129 2326 1671 2407; baseline 0 -22"><span class='ocrx_word' id='word_1_167' title='bbox 1129 2326 1411 2407; x_wconf 86' lang='lat' dir='ltr'><strong>imposuit</strong></span> <span class='ocrx_word' id='word_1_168' title='bbox 1449 2336 1671 2387; x_wconf 89' lang='lat' dir='ltr'><strong>notam.</strong></span> 
     </span>
    </p>

    <p class='ocr_par' dir='ltr' id='par_1_14' title="bbox 1129 2422 3036 3544">
     <span class='ocr_line' id='line_1_44' title="bbox 1215 2422 3034 2502; baseline -0.001 -16"><span class='ocrx_word' id='word_1_169' title='bbox 1215 2429 1313 2486; x_wconf 89' lang='grc'><strong>76.</strong></span> <span class='ocrx_word' id='word_1_170' title='bbox 1359 2422 1528 2485; x_wconf 90' lang='lat' dir='ltr'><strong>Inter</strong></span> <span class='ocrx_word' id='word_1_171' title='bbox 1582 2425 1712 2484; x_wconf 84' lang='lat' dir='ltr'><strong>haec</strong></span> <span class='ocrx_word' id='word_1_172' title='bbox 1763 2422 2143 2484; x_wconf 80' lang='lat' dir='ltr'><strong>Mithridates</strong></span> <span class='ocrx_word' id='word_1_173' title='bbox 2191 2422 2618 2502; x_wconf 86' lang='lat' dir='ltr'><strong>Pergamenus,</strong></span> <span class='ocrx_word' id='word_1_174' title='bbox 2669 2424 2840 2484; x_wconf 89' lang='lat' dir='ltr'><strong>initio</strong></span> <span class='ocrx_word' id='word_1_175' title='bbox 2891 2425 3034 2485; x_wconf 88' lang='lat' dir='ltr'><strong>belli</strong></span> 
     </span>
     <span class='ocr_line' id='line_1_45' title="bbox 1131 2508 3036 2603; baseline 0.002 -25"><span class='ocrx_word' id='word_1_176' title='bbox 1131 2520 1341 2580; x_wconf 86' lang='lat' dir='ltr'><strong>missus</strong></span> <span class='ocrx_word' id='word_1_177' title='bbox 1385 2542 1422 2581; x_wconf 91' lang='lat' dir='ltr'><strong>a</strong></span> <span class='ocrx_word' id='word_1_178' title='bbox 1464 2522 1725 2593; x_wconf 84' lang='lat' dir='ltr'><strong>Caesare,</strong></span> <span class='ocrx_word' id='word_1_179' title='bbox 1766 2521 1996 2583; x_wconf 83' lang='lat' dir='ltr'><strong>validas</strong></span> <span class='ocrx_word' id='word_1_180' title='bbox 2041 2520 2099 2580; x_wconf 91' lang='lat' dir='ltr'><strong>in</strong></span> <span class='ocrx_word' id='word_1_181' title='bbox 2151 2520 2328 2601; x_wconf 85' lang='lat' dir='ltr'><strong>Syria</strong></span> <span class='ocrx_word' id='word_1_182' title='bbox 2363 2530 2541 2600; x_wconf 86' lang='lat' dir='ltr'><strong>atque</strong></span> <span class='ocrx_word' id='word_1_183' title='bbox 2581 2508 2800 2587; x_wconf 81' lang='lat' dir='ltr'><strong>Cilicia</strong></span> <span class='ocrx_word' id='word_1_184' title='bbox 2835 2523 3036 2603; x_wconf 88' lang='lat' dir='ltr'><strong>copias</strong></span> 
     </span>
     <span class='ocr_line' id='line_1_46' title="bbox 1130 2617 3036 2698; baseline 0.002 -23"><span class='ocrx_word' id='word_1_185' title='bbox 1130 2626 1523 2678; x_wconf 83' lang='lat' dir='ltr'><strong>contraxerat.</strong></span> <span class='ocrx_word' id='word_1_186' title='bbox 1616 2620 1768 2679; x_wconf 87' lang='lat' dir='ltr'><strong>Erat</strong></span> <span class='ocrx_word' id='word_1_187' title='bbox 1791 2620 1948 2679; x_wconf 88' lang='lat' dir='ltr'><strong>enim</strong></span> <span class='ocrx_word' id='word_1_188' title='bbox 1975 2636 2202 2696; x_wconf 82' lang='lat' dir='ltr'><strong>magnae</strong></span> <span class='ocrx_word' id='word_1_189' title='bbox 2230 2617 2390 2698; x_wconf 91' lang='lat' dir='ltr'><strong>apud</strong></span> <span class='ocrx_word' id='word_1_190' title='bbox 2416 2617 2691 2679; x_wconf 81' lang='lat' dir='ltr'><strong>civitates</strong></span> <span class='ocrx_word' id='word_1_191' title='bbox 2716 2620 3036 2679; x_wconf 86' lang='lat' dir='ltr'><strong>auctorita·</strong></span> 
     </span>
     <span class='ocr_line' id='line_1_47' title="bbox 1130 2713 3032 2795; baseline 0.001 -22"><span class='ocrx_word' id='word_1_192' title='bbox 1130 2713 1228 2783; x_wconf 90' lang='lat' dir='ltr'><strong>tis,</strong></span> <span class='ocrx_word' id='word_1_193' title='bbox 1257 2724 1494 2795; x_wconf 91' lang='lat' dir='ltr'><strong>propter</strong></span> <span class='ocrx_word' id='word_1_194' title='bbox 1522 2715 1880 2793; x_wconf 84' lang='lat' dir='ltr'><strong>singularem</strong></span> <span class='ocrx_word' id='word_1_195' title='bbox 1907 2715 2182 2777; x_wconf 83' lang='lat' dir='ltr'><strong>virtutem</strong></span> <span class='ocrx_word' id='word_1_196' title='bbox 2219 2715 2279 2773; x_wconf 89' lang='lat' dir='ltr'><strong>in</strong></span> <span class='ocrx_word' id='word_1_197' title='bbox 2316 2714 2498 2785; x_wconf 89' lang='lat' dir='ltr'><strong>bello,</strong></span> <span class='ocrx_word' id='word_1_198' title='bbox 2527 2723 2591 2775; x_wconf 88' lang='lat' dir='ltr'><strong>et</strong></span> <span class='ocrx_word' id='word_1_199' title='bbox 2613 2735 2904 2775; x_wconf 86' lang='lat' dir='ltr'><strong>summam</strong></span> <span class='ocrx_word' id='word_1_200' title='bbox 2933 2736 3032 2776; x_wconf 87' lang='lat' dir='ltr'><strong>no·</strong></span> 
     </span>
     <span class='ocr_line' id='line_1_48' title="bbox 1132 2808 3034 2892; baseline 0.002 -24"><span class='ocrx_word' id='word_1_201' title='bbox 1132 2808 1423 2869; x_wconf 88' lang='lat' dir='ltr'><strong>bilitatem</strong></span> <span class='ocrx_word' id='word_1_202' title='bbox 1447 2811 1628 2870; x_wconf 89' lang='lat' dir='ltr'><strong>domi.</strong></span> <span class='ocrx_word' id='word_1_203' title='bbox 1713 2812 1956 2892; x_wconf 80' lang='lat' dir='ltr'><strong>Quippe</strong></span> <span class='ocrx_word' id='word_1_204' title='bbox 1999 2809 2075 2871; x_wconf 91' lang='lat' dir='ltr'><strong>ad</strong></span> <span class='ocrx_word' id='word_1_205' title='bbox 2121 2810 2540 2888; x_wconf 83' lang='lat' dir='ltr'><strong>Gallograeeiae</strong></span> <span class='ocrx_word' id='word_1_206' title='bbox 2582 2812 2907 2871; x_wconf 84' lang='lat' dir='ltr'><strong>tetrarchas</strong></span> <span class='ocrx_word' id='word_1_207' title='bbox 2947 2832 3034 2871; x_wconf 88' lang='lat' dir='ltr'><strong>re-</strong></span> 
     </span>
     <span class='ocr_line' id='line_1_49' title="bbox 1129 2902 3032 2987; baseline 0.001 -24"><span class='ocrx_word' id='word_1_208' title='bbox 1129 2902 1359 2966; x_wconf 80' lang='lat' dir='ltr'><strong>ferebat</strong></span> <span class='ocrx_word' id='word_1_209' title='bbox 1385 2927 1585 2984; x_wconf 74' lang='lat' dir='ltr'><strong>genua,</strong></span> <span class='ocrx_word' id='word_1_210' title='bbox 1615 2916 1676 2966; x_wconf 91' lang='lat' dir='ltr'><strong>et</strong></span> <span class='ocrx_word' id='word_1_211' title='bbox 1701 2907 1840 2987; x_wconf 87' lang='lat' dir='ltr'><strong>quia</strong></span> <span class='ocrx_word' id='word_1_212' title='bbox 1873 2907 2088 2987; x_wconf 89' lang='lat' dir='ltr'><strong>pellice</strong></span> <span class='ocrx_word' id='word_1_213' title='bbox 2118 2906 2492 2966; x_wconf 87' lang='lat' dir='ltr'><strong>Mithridatis</strong></span> <span class='ocrx_word' id='word_1_214' title='bbox 2520 2907 2732 2984; x_wconf 79' lang='lat' dir='ltr'><strong>Magni</strong></span> <span class='ocrx_word' id='word_1_215' title='bbox 2757 2918 2886 2966; x_wconf 84' lang='lat' dir='ltr'><strong>erat</strong></span> <span class='ocrx_word' id='word_1_216' title='bbox 2911 2907 3032 2966; x_wconf 87' lang='lat' dir='ltr'><strong>edi·</strong></span> 
     </span>
     <span class='ocr_line' id='line_1_50' title="bbox 1129 3003 3032 3083; baseline 0.002 -24"><span class='ocrx_word' id='word_1_217' title='bbox 1129 3008 1247 3070; x_wconf 79' lang='lat' dir='ltr'><strong>tuS,</strong></span> <span class='ocrx_word' id='word_1_218' title='bbox 1291 3003 1466 3061; x_wconf 90' lang='lat' dir='ltr'><strong>amici</strong></span> <span class='ocrx_word' id='word_1_219' title='bbox 1512 3004 1764 3062; x_wconf 89' lang='lat' dir='ltr'><strong>materni</strong></span> <span class='ocrx_word' id='word_1_220' title='bbox 1810 3004 1924 3063; x_wconf 91' lang='lat' dir='ltr'><strong>hoc</strong></span> <span class='ocrx_word' id='word_1_221' title='bbox 1967 3004 2024 3062; x_wconf 91' lang='lat' dir='ltr'><strong>ei</strong></span> <span class='ocrx_word' id='word_1_222' title='bbox 2069 3022 2280 3062; x_wconf 92' lang='lat' dir='ltr'><strong>nomen</strong></span> <span class='ocrx_word' id='word_1_223' title='bbox 2330 3004 2750 3083; x_wconf 83' lang='lat' dir='ltr'><strong>imposuerant,</strong></span> <span class='ocrx_word' id='word_1_224' title='bbox 2790 3013 2858 3062; x_wconf 89' lang='lat' dir='ltr'><strong>ut</strong></span> <span class='ocrx_word' id='word_1_225' title='bbox 2897 3023 3032 3081; x_wconf 85' lang='lat' dir='ltr'><strong>rege</strong></span> 
     </span>
     <span class='ocr_line' id='line_1_51' title="bbox 1130 3098 3032 3178; baseline 0.002 -23"><span class='ocrx_word' id='word_1_226' title='bbox 1130 3108 1452 3176; x_wconf 77' lang='lat' dir='ltr'><strong>prognatus</strong></span> <span class='ocrx_word' id='word_1_227' title='bbox 1476 3100 1930 3161; x_wconf 86' lang='lat' dir='ltr'><strong>existimaretur.</strong></span> <span class='ocrx_word' id='word_1_228' title='bbox 1985 3098 2165 3159; x_wconf 88' lang='lat' dir='ltr'><strong>Certe</strong></span> <span class='ocrx_word' id='word_1_229' title='bbox 2188 3098 2569 3159; x_wconf 84' lang='lat' dir='ltr'><strong>Mithridates</strong></span> <span class='ocrx_word' id='word_1_230' title='bbox 2591 3120 2727 3159; x_wconf 87' lang='lat' dir='ltr'><strong>eum</strong></span> <span class='ocrx_word' id='word_1_231' title='bbox 2748 3098 3032 3178; x_wconf 84' lang='lat' dir='ltr'><strong>Pergami</strong></span> 
     </span>
     <span class='ocr_line' id='line_1_52' title="bbox 1130 3196 3032 3277; baseline 0.002 -25"><span class='ocrx_word' id='word_1_232' title='bbox 1130 3213 1405 3271; x_wconf 87' lang='lat' dir='ltr'><strong>magnam</strong></span> <span class='ocrx_word' id='word_1_233' title='bbox 1441 3196 1774 3256; x_wconf 90' lang='lat' dir='ltr'><strong>tetrarchici</strong></span> <span class='ocrx_word' id='word_1_234' title='bbox 1813 3196 2042 3274; x_wconf 90' lang='lat' dir='ltr'><strong>generis</strong></span> <span class='ocrx_word' id='word_1_235' title='bbox 2079 3205 2332 3275; x_wconf 87' lang='lat' dir='ltr'><strong>stragem</strong></span> <span class='ocrx_word' id='word_1_236' title='bbox 2367 3196 2671 3267; x_wconf 87' lang='lat' dir='ltr'><strong>edidisset,</strong></span> <span class='ocrx_word' id='word_1_237' title='bbox 2697 3197 2854 3257; x_wconf 86' lang='lat' dir='ltr'><strong>hunc</strong></span> <span class='ocrx_word' id='word_1_238' title='bbox 2900 3218 3032 3277; x_wconf 88' lang='lat' dir='ltr'><strong>par-</strong></span> 
     </span>
     <span class='ocr_line' id='line_1_53' title="bbox 1129 3289 3028 3373; baseline 0.002 -23"><span class='ocrx_word' id='word_1_239' title='bbox 1129 3289 1335 3350; x_wconf 83' lang='lat' dir='ltr'><strong>vulum</strong></span> <span class='ocrx_word' id='word_1_240' title='bbox 1364 3310 1477 3349; x_wconf 91' lang='lat' dir='ltr'><strong>non</strong></span> <span class='ocrx_word' id='word_1_241' title='bbox 1506 3294 1768 3351; x_wconf 77' lang='lat' dir='ltr'><strong>servavit</strong></span> <span class='ocrx_word' id='word_1_242' title='bbox 1793 3302 2048 3363; x_wconf 88' lang='lat' dir='ltr'><strong>tantum,</strong></span> <span class='ocrx_word' id='word_1_243' title='bbox 2067 3293 2175 3351; x_wconf 88' lang='lat' dir='ltr'><strong>sed</strong></span> <span class='ocrx_word' id='word_1_244' title='bbox 2202 3302 2264 3351; x_wconf 92' lang='lat' dir='ltr'><strong>et</strong></span> <span class='ocrx_word' id='word_1_245' title='bbox 2286 3293 2710 3373; x_wconf 83' lang='lat' dir='ltr'><strong>transportavit</strong></span> <span class='ocrx_word' id='word_1_246' title='bbox 2747 3312 2946 3352; x_wconf 85' lang='lat' dir='ltr'><strong>secum</strong></span> <span class='ocrx_word' id='word_1_247' title='bbox 2973 3294 3028 3353; x_wconf 91' lang='lat' dir='ltr'><strong>in</strong></span> 
     </span>
     <span class='ocr_line' id='line_1_54' title="bbox 1130 3386 3033 3469; baseline 0.004 -26"><span class='ocrx_word' id='word_1_248' title='bbox 1130 3395 1347 3456; x_wconf 83' lang='lat' dir='ltr'><strong>castra,</strong></span> <span class='ocrx_word' id='word_1_249' title='bbox 1376 3386 1708 3467; x_wconf 88' lang='lat' dir='ltr'><strong>multosque</strong></span> <span class='ocrx_word' id='word_1_250' title='bbox 1739 3408 1843 3469; x_wconf 91' lang='lat' dir='ltr'><strong>per</strong></span> <span class='ocrx_word' id='word_1_251' title='bbox 1877 3408 2062 3448; x_wconf 89' lang='lat' dir='ltr'><strong>annos</strong></span> <span class='ocrx_word' id='word_1_252' title='bbox 2092 3387 2416 3467; x_wconf 85' lang='lat' dir='ltr'><strong>disciplinis</strong></span> <span class='ocrx_word' id='word_1_253' title='bbox 2449 3390 2626 3469; x_wconf 85' lang='lat' dir='ltr'><strong>regiis</strong></span> <span class='ocrx_word' id='word_1_254' title='bbox 2657 3388 3033 3451; x_wconf 82' lang='lat' dir='ltr'><strong>educandum</strong></span> 
     </span>
     <span class='ocr_line' id='line_1_55' title="bbox 1132 3485 1381 3544; baseline 0.004 -1"><span class='ocrx_word' id='word_1_255' title='bbox 1132 3485 1381 3544; x_wconf 78' lang='lat' dir='ltr'><strong>curavit.</strong></span> 
     </span>
    </p>

    <p class='ocr_par' dir='ltr' id='par_1_15' title="bbox 1130 3578 3031 4437">
     <span class='ocr_line' id='line_1_56' title="bbox 1214 3578 3028 3661; baseline 0.001 -18"><span class='ocrx_word' id='word_1_256' title='bbox 1214 3585 1313 3643; x_wconf 91' lang='grc'><strong>77.</strong></span> <span class='ocrx_word' id='word_1_257' title='bbox 1358 3578 1477 3640; x_wconf 89' lang='lat' dir='ltr'><strong>Sed</strong></span> <span class='ocrx_word' id='word_1_258' title='bbox 1513 3582 1613 3640; x_wconf 92' lang='lat' dir='ltr'><strong>hic</strong></span> <span class='ocrx_word' id='word_1_259' title='bbox 1653 3582 1805 3641; x_wconf 87' lang='lat' dir='ltr'><strong>ostio</strong></span> <span class='ocrx_word' id='word_1_260' title='bbox 1845 3580 2172 3641; x_wconf 88' lang='lat' dir='ltr'><strong>Pelusiaco</strong></span> <span class='ocrx_word' id='word_1_261' title='bbox 2203 3590 2453 3642; x_wconf 85' lang='lat' dir='ltr'><strong>conatus</strong></span> <span class='ocrx_word' id='word_1_262' title='bbox 2495 3582 2746 3661; x_wconf 80' lang='lat' dir='ltr'><strong>ingredi,</strong></span> <span class='ocrx_word' id='word_1_263' title='bbox 2781 3604 2920 3643; x_wconf 88' lang='lat' dir='ltr'><strong>cum</strong></span> <span class='ocrx_word' id='word_1_264' title='bbox 2955 3585 3028 3643; x_wconf 91' lang='lat' dir='ltr'><strong>ab</strong></span> 
     </span>
     <span class='ocr_line' id='line_1_57' title="bbox 1131 3676 3028 3760; baseline 0.002 -24"><span class='ocrx_word' id='word_1_265' title='bbox 1131 3676 1433 3757; x_wconf 81' lang='lat' dir='ltr'><strong>AEgyptiis</strong></span> <span class='ocrx_word' id='word_1_266' title='bbox 1457 3678 1707 3737; x_wconf 83' lang='lat' dir='ltr'><strong>navibus</strong></span> <span class='ocrx_word' id='word_1_267' title='bbox 1732 3677 2153 3758; x_wconf 90' lang='lat' dir='ltr'><strong>prohiberetur,</strong></span> <span class='ocrx_word' id='word_1_268' title='bbox 2180 3679 2441 3757; x_wconf 85' lang='lat' dir='ltr'><strong>perrexit</strong></span> <span class='ocrx_word' id='word_1_269' title='bbox 2467 3678 2545 3738; x_wconf 83' lang='lat' dir='ltr'><strong>ad</strong></span> <span class='ocrx_word' id='word_1_270' title='bbox 2569 3676 2814 3751; x_wconf 80' lang='lat' dir='ltr'><strong>fossam,</strong></span> <span class='ocrx_word' id='word_1_271' title='bbox 2841 3680 3028 3760; x_wconf 88' lang='lat' dir='ltr'><strong>quali-</strong></span> 
     </span>
     <span class='ocr_line' id='line_1_58' title="bbox 1130 3764 3030 3855; baseline 0.003 -23"><span class='ocrx_word' id='word_1_272' title='bbox 1130 3773 1243 3832; x_wconf 86' lang='lat' dir='ltr'><strong>bus</strong></span> <span class='ocrx_word' id='word_1_273' title='bbox 1267 3794 1341 3833; x_wconf 90' lang='lat' dir='ltr'><strong>ea</strong></span> <span class='ocrx_word' id='word_1_274' title='bbox 1366 3774 1526 3852; x_wconf 89' lang='lat' dir='ltr'><strong>regio</strong></span> <span class='ocrx_word' id='word_1_275' title='bbox 1552 3774 1756 3834; x_wconf 88' lang='lat' dir='ltr'><strong>multis</strong></span> <span class='ocrx_word' id='word_1_276' title='bbox 1783 3764 1872 3833; x_wconf 68' lang='lat' dir='ltr'><strong>&#39;ex</strong></span> <span class='ocrx_word' id='word_1_277' title='bbox 1913 3794 2085 3832; x_wconf 88' lang='lat' dir='ltr'><strong>amne</strong></span> <span class='ocrx_word' id='word_1_278' title='bbox 2125 3775 2388 3855; x_wconf 88' lang='lat' dir='ltr'><strong>principe</strong></span> <span class='ocrx_word' id='word_1_279' title='bbox 2428 3774 2697 3835; x_wconf 84' lang='lat' dir='ltr'><strong>deductis</strong></span> <span class='ocrx_word' id='word_1_280' title='bbox 2721 3776 3030 3855; x_wconf 86' lang='lat' dir='ltr'><strong>irrigatur:</strong></span> 
     </span>
     <span class='ocr_line' id='line_1_59' title="bbox 1132 3870 3030 3954; baseline 0.003 -26"><span class='ocrx_word' id='word_1_281' title='bbox 1132 3879 1311 3950; x_wconf 91' lang='lat' dir='ltr'><strong>atque</strong></span> <span class='ocrx_word' id='word_1_282' title='bbox 1338 3871 1396 3928; x_wconf 92' lang='lat' dir='ltr'><strong>in</strong></span> <span class='ocrx_word' id='word_1_283' title='bbox 1424 3891 1555 3929; x_wconf 90' lang='lat' dir='ltr'><strong>eam</strong></span> <span class='ocrx_word' id='word_1_284' title='bbox 1581 3870 1879 3930; x_wconf 82' lang='lat' dir='ltr'><strong>translatis</strong></span> <span class='ocrx_word' id='word_1_285' title='bbox 1905 3871 2152 3929; x_wconf 78' lang='lat' dir='ltr'><strong>navibus</strong></span> <span class='ocrx_word' id='word_1_286' title='bbox 2195 3872 2335 3948; x_wconf 89' lang='lat' dir='ltr'><strong>(nec</strong></span> <span class='ocrx_word' id='word_1_287' title='bbox 2379 3871 2536 3930; x_wconf 89' lang='lat' dir='ltr'><strong>enim</strong></span> <span class='ocrx_word' id='word_1_288' title='bbox 2577 3871 2656 3931; x_wconf 90' lang='lat' dir='ltr'><strong>ad</strong></span> <span class='ocrx_word' id='word_1_289' title='bbox 2697 3892 2858 3933; x_wconf 90' lang='lat' dir='ltr'><strong>mare</strong></span> <span class='ocrx_word' id='word_1_290' title='bbox 2901 3894 3030 3954; x_wconf 90' lang='lat' dir='ltr'><strong>per·</strong></span> 
     </span>
     <span class='ocr_line' id='line_1_60' title="bbox 1131 3965 3031 4047; baseline 0.002 -22"><span class='ocrx_word' id='word_1_291' title='bbox 1131 3966 1422 4045; x_wconf 90' lang='lat' dir='ltr'><strong>tingebat,</strong></span> <span class='ocrx_word' id='word_1_292' title='bbox 1466 3966 1573 4027; x_wconf 86' lang='lat' dir='ltr'><strong>sed</strong></span> <span class='ocrx_word' id='word_1_293' title='bbox 1614 3967 1826 4026; x_wconf 90' lang='lat' dir='ltr'><strong>iterum</strong></span> <span class='ocrx_word' id='word_1_294' title='bbox 1871 3968 1932 4025; x_wconf 91' lang='lat' dir='ltr'><strong>in</strong></span> <span class='ocrx_word' id='word_1_295' title='bbox 1958 3965 2173 4026; x_wconf 88' lang='lat' dir='ltr'><strong>flumen</strong></span> <span class='ocrx_word' id='word_1_296' title='bbox 2201 3977 2329 4027; x_wconf 90' lang='lat' dir='ltr'><strong>erat</strong></span> <span class='ocrx_word' id='word_1_297' title='bbox 2369 3970 2602 4047; x_wconf 76' lang='lat' dir='ltr'><strong>aversa)</strong></span> <span class='ocrx_word' id='word_1_298' title='bbox 2649 3966 2806 4028; x_wconf 87' lang='lat' dir='ltr'><strong>Nilo</strong></span> <span class='ocrx_word' id='word_1_299' title='bbox 2851 3969 3031 4030; x_wconf 82' lang='lat' dir='ltr'><strong>fluvio</strong></span> 
     </span>
     <span class='ocr_line' id='line_1_61' title="bbox 1132 4062 3030 4144; baseline 0.003 -24"><span class='ocrx_word' id='word_1_300' title='bbox 1132 4063 1443 4123; x_wconf 86' lang='lat' dir='ltr'><strong>subvectus</strong></span> <span class='ocrx_word' id='word_1_301' title='bbox 1468 4062 1778 4123; x_wconf 86' lang='lat' dir='ltr'><strong>Pelusium</strong></span> <span class='ocrx_word' id='word_1_302' title='bbox 1804 4064 1985 4124; x_wconf 87' lang='lat' dir='ltr'><strong>venit.</strong></span> <span class='ocrx_word' id='word_1_303' title='bbox 2077 4062 2177 4122; x_wconf 91' lang='lat' dir='ltr'><strong>Ibi</strong></span> <span class='ocrx_word' id='word_1_304' title='bbox 2202 4084 2336 4124; x_wconf 89' lang='lat' dir='ltr'><strong>cum</strong></span> <span class='ocrx_word' id='word_1_305' title='bbox 2363 4065 2560 4144; x_wconf 89' lang='lat' dir='ltr'><strong>pacati</strong></span> <span class='ocrx_word' id='word_1_306' title='bbox 2587 4064 3030 4144; x_wconf 84' lang='lat' dir='ltr'><strong>responderetur</strong></span> 
     </span>
     <span class='ocr_line' id='line_1_62' title="bbox 1133 4158 3028 4240; baseline 0.004 -24"><span class='ocrx_word' id='word_1_307' title='bbox 1133 4158 1304 4229; x_wconf 87' lang='lat' dir='ltr'><strong>nihil,</strong></span> <span class='ocrx_word' id='word_1_308' title='bbox 1352 4158 1581 4219; x_wconf 89' lang='lat' dir='ltr'><strong>firmum</strong></span> <span class='ocrx_word' id='word_1_309' title='bbox 1624 4161 1782 4219; x_wconf 89' lang='lat' dir='ltr'><strong>enim</strong></span> <span class='ocrx_word' id='word_1_310' title='bbox 1826 4158 2161 4240; x_wconf 60' lang='lat' dir='ltr'><strong>praesidium</strong></span> <span class='ocrx_word' id='word_1_311' title='bbox 2197 4160 2480 4221; x_wconf 88' lang='lat' dir='ltr'><strong>Achillas</strong></span> <span class='ocrx_word' id='word_1_312' title='bbox 2504 4161 2587 4220; x_wconf 92' lang='lat' dir='ltr'><strong>ibi</strong></span> <span class='ocrx_word' id='word_1_313' title='bbox 2613 4161 3028 4235; x_wconf 81' lang='lat' dir='ltr'><strong>collocaverat,</strong></span> 
     </span>
     <span class='ocr_line' id='line_1_63' title="bbox 1134 4254 3026 4340; baseline 0.003 -26"><span class='ocrx_word' id='word_1_314' title='bbox 1134 4274 1213 4314; x_wconf 91' lang='lat' dir='ltr'><strong>ex</strong></span> <span class='ocrx_word' id='word_1_315' title='bbox 1240 4254 1443 4315; x_wconf 91' lang='lat' dir='ltr'><strong>itinere</strong></span> <span class='ocrx_word' id='word_1_316' title='bbox 1471 4258 1970 4338; x_wconf 83' lang='lat' dir='ltr'><strong>oppugnationem</strong></span> <span class='ocrx_word' id='word_1_317' title='bbox 1995 4276 2179 4328; x_wconf 87' lang='lat' dir='ltr'><strong>orsus,</strong></span> <span class='ocrx_word' id='word_1_318' title='bbox 2207 4256 2418 4317; x_wconf 90' lang='lat' dir='ltr'><strong>eodem</strong></span> <span class='ocrx_word' id='word_1_319' title='bbox 2453 4256 2550 4316; x_wconf 92' lang='lat' dir='ltr'><strong>die</strong></span> <span class='ocrx_word' id='word_1_320' title='bbox 2575 4256 2858 4337; x_wconf 87' lang='lat' dir='ltr'><strong>oppidum</strong></span> <span class='ocrx_word' id='word_1_321' title='bbox 2885 4280 3026 4340; x_wconf 84' lang='lat' dir='ltr'><strong>pug-</strong></span> 
     </span>
     <span class='ocr_line' id='line_1_64' title="bbox 1133 4346 3028 4437; baseline 0.002 -24"><span class='ocrx_word' id='word_1_322' title='bbox 1133 4350 1333 4437; x_wconf 84' lang='lat' dir='ltr'><strong>nando</strong></span> <span class='ocrx_word' id='word_1_323' title='bbox 1357 4354 1535 4435; x_wconf 85' lang='lat' dir='ltr'><strong>cepit.</strong></span> <span class='ocrx_word' id='word_1_324' title='bbox 1608 4354 1868 4435; x_wconf 84' lang='lat' dir='ltr'><strong>Insignis</strong></span> <span class='ocrx_word' id='word_1_325' title='bbox 1893 4354 1953 4414; x_wconf 92' lang='lat' dir='ltr'><strong>in</strong></span> <span class='ocrx_word' id='word_1_326' title='bbox 1979 4374 2054 4415; x_wconf 88' lang='lat' dir='ltr'><strong>ea</strong></span> <span class='ocrx_word' id='word_1_327' title='bbox 2085 4354 2336 4417; x_wconf 81' lang='lat' dir='ltr'><strong>victoria</strong></span> <span class='ocrx_word' id='word_1_328' title='bbox 2361 4346 2608 4437; x_wconf 88' lang='lat' dir='ltr'><strong>totoque</strong></span> <span class='ocrx_word' id='word_1_329' title='bbox 2626 4353 2844 4417; x_wconf 90' lang='lat' dir='ltr'><strong>deinde</strong></span> <span class='ocrx_word' id='word_1_330' title='bbox 2868 4357 3028 4419; x_wconf 90' lang='lat' dir='ltr'><strong>bello</strong></span> 
     </span>
    </p>
   </div>
  </div>
 </body>
</html>
