3300 5234
950 569 1157 621 meru
1205 570 1359 619 σιν.
1402 568 2054 623 suerranum-uu.
2427 555 2604 625 5043
2737 542 2748 555 ’

366 716 453 775 ob
474 712 658 777 fidem
698 722 763 774 et
796 712 1215 794 jusjurandum
1252 713 1610 795 neglectum,
1634 725 1900 777 oratores
1933 724 2142 779 contra
2173 718 2280 796 jus

372 822 439 872 et
458 810 553 872 fas
578 811 945 885 interfectos,
988 811 1161 872 ludos
1186 813 1379 873 minus
1402 811 1724 891 diligenter
1745 813 1959 885 factos,
1983 812 2279 875 sacrificia

371 916 607 969 vetusta
668 909 1025 990 occultaque
1078 910 1271 970 minus
1328 909 1646 989 diligenter
1705 909 1866 971 facta
1907 910 2276 993 pollutaque,

368 1003 507 1065 loca
538 1025 713 1067 sacra
748 1013 813 1067 et
844 1006 1122 1085 religiosa
1156 1014 1453 1087 occupata*
1492 1014 1557 1067 et
1596 1006 1928 1087 profanata.
2013 1007 2114 1067 Ob
2149 1008 2279 1068 haec

364 1101 701 1182 periculum
734 1124 884 1175 esse,
916 1121 991 1163 ne
1025 1123 1133 1184 per
1166 1103 1539 1183 optimatium
1574 1102 1933 1165 discordiam
1965 1103 2276 1167 dissensio·

366 1216 651 1279 nemque,
681 1200 949 1283 patribus
972 1200 1451 1281 principibusque
1464 1199 1685 1273 caedes,
1707 1200 1972 1282 pericula
1985 1198 2278 1273 creentur,

364 1295 723 1377 auxilioque
748 1296 1033 1357 deminuti
1052 1296 1361 1358 deficiant.
1407 1296 1552 1365 Qua
1578 1318 1639 1357 re
1666 1297 1746 1357 ad
1767 1318 1948 1359 unum
1967 1298 2278 1379 imperium

364 1393 693 1473 provinciae
736 1394 1003 1465 redeant,
1030 1394 1441 1474 exercitusque
1466 1393 1672 1475 pulsus
1705 1393 2147 1475 deminutioque
2177 1414 2278 1455 ac-

362 1490 571 1551 cedat.
654 1488 761 1551 Ne
792 1490 1043 1553 occultis
1074 1490 1339 1553 consiliis
1377 1491 1716 1573 respublica
1739 1491 2029 1553 laedatur:
2071 1511 2148 1552 ne
2172 1492 2278 1553 de-

366 1587 691 1647 terioribus
734 1587 1099 1668 repulsisque
1125 1588 1311 1649 honos
1335 1588 1664 1667 augeatur?

450 1692 555 1745 84.
594 1684 747 1746 Hac
790 1685 1041 1746 Clodius
1076 1686 1387 1747 occasione
1418 1695 1657 1767 arrepta
1693 1684 1950 1765 graviter
1984 1684 2061 1745 ad
2088 1705 2277 1767 popu·
2309 1696 2420 1747 Dio.

362 1782 496 1844 lum
522 1784 873 1845 traducendi
903 1783 1229 1855 Ciceronis,
1258 1792 1276 1820 ⁶
1296 1784 1377 1845 ob
1400 1783 1561 1844 hunc
1585 1784 1734 1843 iram
1758 1782 2020 1843 Deorum
2039 1804 2278 1863 gravem

364 1890 555 1961 atque
587 1879 1021 1942 formidabilem
1058 1881 1397 1942 incumbere
1414 1881 1431 1909 '
1480 1880 1858 1941 inculcabat:
1903 1890 1922 1919 ‘
1940 1880 2098 1941 hunc
2121 1880 2278 1941 enim

362 1980 431 2039 in
456 1999 620 2050 area,
644 1965 793 2059 quoe'
808 1988 1151 2040 consecrata
1174 1978 1465 2039 Libertati
1500 1987 1678 2051 esset,
1714 1976 2054 2039 aedificare?
2135 1975 2278 2037 Nec
2335 1984 2442 2036 cic.
2459 1984 2522 2035 de

362 2096 560 2148 mora,
586 2076 782 2157 pergit
804 2074 883 2137 ad
910 2074 1071 2137 aedes
1094 2076 1255 2137 illius
1276 2096 1415 2137 cum
1440 2074 1840 2147 multitudine,
1865 2084 1930 2135 et
1951 2074 2277 2135 disturbare
2301 2050 2422 2166 ἔτ’·
2439 2050 2590 2117 3⁸⁸9·

362 2193 543 2253 opus,
584 2172 942 2254 domumque
982 2174 1197 2235 iterum
1242 2194 1281 2234 a
1314 2171 1714 2234 fundamentis
1745 2172 1976 2233 diruere
2003 2172 2277 2233 instituit.
2302 2180 2420 2233 Dio.

364 2268 522 2341 Sed,
552 2269 783 2331 Milone
804 2290 941 2331 cnm
964 2270 1209 2331 armatis
1240 2278 1606 2344 occurrente,
1646 2289 1766 2331 non
1799 2270 1926 2331 sine
1961 2269 2280 2332 multorum

358 2364 557 2438 cede,
576 2365 787 2426 domus
808 2366 1119 2429 Ciceronis
1136 2375 1371 2427 servata
1390 2374 1501 2427 est,
1584 2365 1827 2438 Cicero,
1847 2374 1918 2427 ut
1940 2367 2094 2427 banc
2119 2367 2280 2447 inju-

358 2463 521 2525 riam
546 2462 945 2533 ulcisceretur,
974 2471 1236 2526 assumto
1263 2462 1499 2524 Milone
1525 2482 1599 2525 ac
1624 2463 1876 2523 tribunis
1899 2462 2276 2543 quibusdam,

364 2559 641 2620 ascendit
672 2560 732 2619 in
772 2559 1167 2641 Capitolium,
1204 2558 1565 2639 avulsaeque
1590 2560 1830 2619 tabulas
1856 2558 2166 2620 Clodianae
2193 2557 2277 2619 le-

360 2657 485 2735 gis,
505 2676 655 2736 quas
678 2656 785 2716 ille
810 2656 888 2717 de
926 2656 1236 2717 Ciceronis
1260 2656 1445 2717 exilio
1470 2654 1710 2727 fixerat,
1737 2646 1978 2717 domum
2003 2654 2276 2737 deporta-

360 2754 513 2823 bat3
542 2754 651 2815 nisi
671 2774 775 2816 eas
800 2774 939 2816 cum
967 2754 1123 2815 Caio
1144 2754 1349 2825 fratre,
1368 2754 1473 2833 qui
1500 2760 1625 2813 tum
1652 2762 1870 2834 praetor
1895 2761 2045 2827 erat,
2073 2773 2272 2815 accur·
2334 2760 2588 2813 Aeuomin

362 2872 507 2911 rens
532 2851 789 2913 Clodius
814 2855 875 2913 vi
901 2860 1320 2933 recuperasset.
2299 2824 2476 2940 ἔξω

449 2954 553 3009 85.
597 2948 901 3010 Postridie
920 2950 980 3008 in
1008 2957 1241 3019 senatu,
1266 2968 1403 3009 cum
1431 2956 1450 2983 ‘
1468 2947 1545 3008 de
1570 2948 1946 3029 haruspicum
1973 2950 2278 3030 responso'
2335 2954 2442 3007 Cic.
2461 2955 2524 3005 de

358 3046 640 3106 cumules
663 3067 741 3106 ex
778 3036 1283 3107 senatusconsulto
1308 3044 1668 3117 retulissent,
1701 3046 2108 3107 vehementem
2145 3060 2280 3106 ora-³
2303 3020 2422 3072 Ha.
2445 3018 2607 3087 ΜΡ·

360 3145 589 3203 tionem
617 3142 835 3203 Cicero
876 3142 1109 3213 habuit,
1150 3143 1409 3203 omnium
1445 3162 1808 3223 eorumquae
1836 3151 2216 3224 arguerentur
2241 3163 2282 3203 a

364 3238 531 3311 Diis,
556 3250 663 3301 aut
686 3260 891 3311 unum,
913 3248 1021 3299 aut
1044 3241 1368 3321 principem
1391 3259 1556 3300 reum
1578 3239 1862 3300 Clodium
1889 3260 2090 3319 agens.
2135 3248 2154 3277 ‘
2169 3241 2280 3302 Ab
2379 3307 2384 3315 ,

360 3336 477 3397 illo
500 3337 791 3418 corruptis
811 3335 1143 3416 judicibus,
1169 3336 1348 3397 fidem
1372 3336 1911 3416 jusjurandumque
1935 3336 2236 3398 sublatum
2261 3358 2278 3399 ε

327 3462 335 3479 ·
362 3435 447 3495 ab
473 3434 581 3495 illo
606 3444 671 3494 et
694 3434 1042 3514 conjuratis,
1069 3433 1358 3497 sociorum
1396 3433 1623 3512 legatos
1647 3432 2024 3505 interfectum
2065 3433 2278 3513 Mega-

362 3532 520 3593 lesia
560 3551 859 3593 servorum
903 3530 1233 3591 incredibili
1280 3530 1658 3591 multitudine
1703 3531 1963 3592 immissa
2003 3532 2274 3613 polluta:

362 3640 605 3691 vetusta
626 3629 985 3709 occultaque
1016 3628 1205 3689 Bone
1244 3628 1397 3690 Dete
1434 3648 1606 3689 sacra
1632 3627 1860 3689 violata
1883 3649 2032 3689 esse.
2117 3628 2280 3691 Loca

362 3736 565 3787 autem
610 3726 882 3805 religiosa
914 3745 1034 3785 non
1072 3745 1110 3785 a
1142 3746 1230 3797 se,
1275 3727 1447 3805 cujus
1482 3725 1641 3785 aedes
1668 3744 1706 3784 a
1731 3724 2114 3806 pontificibus
2137 3726 2276 3788 reli-

359 3825 541 3903 gione
580 3822 869 3894 liberatae,
914 3841 992 3883 ex
1039 3823 1393 3884 auctoritate
1442 3832 1701 3895 senatus,
1744 3822 1987 3903 publica
2026 3823 2276 3903 pecunia

356 3918 821 3990 edificarentur,
856 3918 963 3979 sed
1000 3938 1039 3979 a
1076 3917 1148 3978 L.
1187 3918 1435 3990 Pisone,
1474 3938 1513 3979 a
1548 3917 1698 3979 Sex.
1733 3916 2012 3987 Serrano,
2041 3920 2117 3978 ab
2147 3919 2275 4000 ipso

364 4016 627 4099 denique
658 4016 880 4078 Clodio
906 4016 1211 4098 possideri.
1297 4016 1666 4077 Dissensioni
1693 4036 1892 4098 porte,
1912 4016 2085 4094 cujus
2113 4036 2274 4076 men-

360 4114 589 4175 tionem
610 4114 862 4175 fecerint
884 4114 1248 4194 baruspices,
1276 4133 1391 4173 non
1418 4114 1497 4173 ab
1525 4112 1647 4174 alia
1668 4111 1852 4173 Furia
1866 4111 2060 4175 facem
2085 4114 2274 4193 majo-

366 4232 495 4272 rem
522 4222 701 4290 atque
729 4210 1164 4271 horribiliorem
1190 4209 1491 4270 admotam
1520 4208 1741 4271 fuisse?

447 4315 550 4369 86.
591 4307 751 4369 Cum
792 4308 879 4367 ita
902 4316 1073 4367 vetus
1104 4308 1258 4368 inter
1284 4307 1391 4366 hos
1424 4306 1624 4368 odium
1649 4308 2088 4369 vehementiore
2111 4316 2276 4369 motu
2299 4321 2418 4373 Dio.

358 4404 775 4475 recruduisset,
821 4403 1155 4484 Ciceroque
1182 4404 1509 4464 absentiam
1536 4406 1758 4467 inimici
1784 4404 2147 4486 speculatus,
2183 4412 2274 4465 ta·
2332 4388 2468 4437 Plut.
2491 4386 2608 4439 (Μ’

360 4502 537 4565 bulas
562 4501 987 4564 Clodianarum
1014 4502 1211 4581 legum
1236 4522 1317 4565 ex
1338 4500 1645 4583 Capitolio
1670 4501 1934 4563 sublatas
1959 4500 2274 4563 detulisset
2300 4452 2485 4569 313⁶·
