3300 5234
826 577 1037 627 unm
1088 576 1238 627 cvi.
1286 575 1938 651 autrannus-run.
2325 556 2508 627 am
2619 646 2632 657 ⁶

260 718 521 781 deretur.
604 720 995 783 Exclamaoee
1032 730 1160 783 tum
1202 720 1555 783 Ciceronem
1590 720 1812 794 ferunt,
1847 728 1868 757 ⁶
1895 720 1954 781 Ο
1991 728 2054 781 te
2085 719 2178 781 fe·
2231 731 2508 783 PumPr-f.

262 817 461 889 licem,
520 817 616 878 Μ.
666 817 879 891 Porci,
928 838 969 877 a
1020 838 1141 900 quo
1196 838 1321 879 rem
1374 818 1704 901 improbam
1753 825 1956 901 petere
2007 836 2179 879 nemo
2201 798 2336 851 ΗΝ·
2357 798 2476 849 Νη·

260 914 447 975 audet
468 913 511 973 1’

346 1018 444 1072 11.
502 1008 785 1070 Ceterum
835 1009 997 1071 Cato
1046 1008 1329 1073 adversus
1371 1018 1599 1073 tantam
1648 1010 1770 1071 vim
1817 1010 2180 1091 perditorum
2273 1076 2278 1083 ,

258 1108 567 1169 hominum
614 1105 961 1189 plerumque
1014 1107 1232 1169 frustra
1288 1108 1652 1179 luctabatur,
1703 1107 1998 1187 multique
2047 1110 2182 1187 ejus

258 1213 513 1265 conatum
555 1204 617 1263 in
662 1204 891 1265 irritum
940 1204 1279 1267 cadebant:
1336 1204 1838 1285 quemadmodum
1881 1212 1948 1266 et
1991 1206 2052 1265 in
2100 1202 2178 1267 C.
2236 1211 2420 1265 cie-d

260 1300 581 1372 Pontinio,
624 1320 829 1380 quem,
872 1321 937 1361 ae
982 1301 1145 1374 vivo,
1184 1300 1680 1382 triumphaturum
1721 1299 1882 1361 Cato
1923 1320 2177 1381 negave·
2203 1276 2322 1393 ssffs
2333 1294 2409 1329 ι’·
2425 1282 2509 1330 ¹⁶·

259 1407 371 1459 rat.
455 1397 633 1459 Nam
666 1399 771 1459 ille
806 1414 988 1479 supra
1017 1398 1335 1459 triennium
1360 1406 1493 1481 poet
1518 1398 1788 1460 devictos
1811 1397 2182 1475 Allobrogas

258 1494 341 1555 ad
384 1494 625 1556 Urbem
672 1496 958 1567 haerebat,
1002 1496 1367 1578 triumphum
1412 1494 1754 1577 postulans:
1806 1494 1998 1556 donec
2046 1492 2180 1557 Ser.

262 1590 569 1673 Sulpicius
608 1591 814 1653 Galba
852 1601 1090 1673 praetor,
1128 1593 1233 1673 qui
1270 1592 1503 1671 legatus
1540 1593 1603 1653 in
1640 1591 1856 1653 Gallia
1889 1591 2182 1653 Pontinio

262 1686 481 1759 fuerat,
515 1688 595 1749 de
632 1690 879 1771 imperio
920 1690 1051 1767 ejus
1084 1688 1165 1749 ad
1204 1688 1493 1771 populum
1530 1690 1641 1749 sub
1684 1690 1874 1771 ipsam
1909 1706 2182 1749 auroram

260 1784 423 1857 tulit,
442 1806 583 1846 cum
610 1796 749 1846 ante
775 1786 983 1846 horam
1010 1787 1259 1868 primam
1278 1785 1377 1865 agi
1400 1806 1539 1847 cum
1562 1785 1788 1867 populo
1807 1806 1924 1846 non
1943 1784 2180 1847 soleret.

262 1880 463 1961 Igitur
501 1882 661 1943 Cato
694 1892 759 1944 et
792 1883 877 1945 P.
906 1882 1197 1945 Servilius
1230 1892 1530 1965 praetores,
1556 1904 1694 1944 cum
1725 1884 1964 1943 tribuno
1989 1882 2183 1965 plebia
2203 1906 2315 1960 cie.

262 1980 346 2047 Q.
400 1980 617 2041 Mucio
667 1980 967 2053 Scaevola,
1012 1981 1322 2062 prohibere
1371 1980 1734 2061 triumphum
1785 1982 2180 2052 conabantur,

262 2098 441 2157 quem
484 2086 623 2138 ante
660 2078 819 2138 diem
858 2094 969 2138 111.
1021 2076 1241 2138 Nonas
1275 2076 1659 2139 Novembres
1694 2086 1826 2138 erat
1858 2076 2180 2138 ducturum
2205 2090 2326 2145 Dio.

260 2172 495 2255 fuitque
522 2194 640 2235 non
664 2174 813 2235 levis
846 2194 924 2234 ea
948 2173 1049 2234 die
1072 2175 1399 2246 contentio,
1426 2182 1495 2235 ut
1517 2175 1698 2234 etiam
1725 2173 1804 2235 ad
1827 2173 2024 2235 caeden
2049 2192 2182 2255 per-

258 2272 579 2333 veniretur.
663 2270 787 2331 Sed
809 2270 1121 2353 plerosque
1146 2281 1462 2353 proetorum
1490 2280 1672 2352 atque
1695 2272 2067 2333 tribunorum
2091 2291 2183 2331 se·-
2241 2276 2347 2328 Cic.
2361 2278 2422 2327 ed
2443 2278 2509 2337 Q.

260 2388 397 2429 cum
434 2368 763 2429 Pontinius
794 2368 1079 2441 habebat,
1106 2376 1170 2429 et
1190 2368 1491 2429 consulem
1520 2368 1840 2450 Appium:
1881 2389 1922 2429 a
1943 2389 2068 2449 quo
2093 2369 2184 2428 in·-
2206 2344 2510 2458 Ξῇἳῇζὲ·

258 2466 507 2544 signiter
542 2465 810 2544 adjutus,
836 2465 1235 2547 nequicquam
1269 2464 1772 2526 tumultuantibus
1811 2464 2185 2537 adversariis,
2207 2490 2295 2527 111.
2317 2478 2398 2526 ιο.

264 2560 503 2623 Urbem
536 2558 907 2643 triumphans
943 2564 1095 2623 iniit.
2207 2570 2326 2619 Dio.

292 2704 301 2711 -
338 2666 445 2719 12.
494 2658 767 2738 MaJores
794 2661 855 2719 in
882 2659 1093 2719 eadem
1121 2658 1329 2719 Gallia
1354 2680 1445 2719 res
1472 2658 1680 2721 iisdem
1715 2660 2078 2741 temporibus
2105 2657 2184 2719 C.
2205 2668 2338 2720 Plut.
2355 2666 2482 2717 cm.

263 2754 475 2817 emar
510 2758 775 2835 gerebat,
804 2756 1155 2817 Eburonum
1192 2755 1519 2817 rebellione
1554 2756 1810 2827 excitus,
1835 2756 1940 2837 qui
1964 2756 2188 2817 nuntiis
2209 2734 2513 2850 gxi-'atam

264 2850 665 2913 Indutiomari
709 2851 943 2913 Treviri
984 2852 1448 2934 impellentibnS,
1490 2852 1641 2913 duce
1690 2852 2068 2931 Ambiorige,
2111 2852 2182 2913 L.
2209 2863 2513 2913 Oromvxdo.

262 2946 743 3011 Aurunculeium
798 2948 1066 3021 Cottam,
1122 2949 1209 3017 Q.
1260 2937 1557 3010 Titurium
1606 2948 1898 3045 Sabinum
1955 2950 2188 3028 legatos
2210 2927 2516 3043 {22⁹2}

264 3044 525 3106 emtis
574 3066 709 3107 eum
760 3046 1102 3107 cohortibus
1120 3056 1145 3083 ⁸
1196 3046 1558 3107 occiderunt.
1665 3046 1746 3107 Id
1799 3046 2184 3107 infortunium
2213 3057 2348 3109 Gau.
2371 3072 2425 3108 v.

262 3142 446 3225 culpa
492 3152 675 3223 atque
720 3144 1053 3203 temeritate
1101 3142 1187 3210 Q.
1226 3141 1446 3203 Titurii
1494 3144 1756 3204 accidit:
1811 3163 1933 3224 quo
1977 3142 2186 3223 impel-

264 3238 449 3312 lente,
503 3249 703 3301 castra
766 3240 1021 3301 feliciter
1080 3239 1327 3301 defensa
1386 3240 1754 3321 reliquerunt
1811 3240 2050 3311 militae,
2109 3238 2190 3301 ad

264 3339 543 3419 proxima
588 3358 825 3399 suorum
869 3338 1137 3417 hyberna
1180 3338 1501 3399 transituri.
1596 3337 1770 3399 Nam
1812 3338 2192 3400 fraudulento

264 3434 453 3497 hostis
506 3436 759 3497 consilio
804 3434 1209 3507 crediderunt,
1252 3436 1513 3497 amicum
1564 3456 1627 3497 se
1667 3435 1943 3505 ferentis,
1995 3456 2190 3516 neque

264 3542 475 3615 sponte
511 3532 593 3595 ad
624 3532 1029 3613 oppugnanda
1064 3540 1259 3593 cantra
1298 3533 1664 3613 profectum:
1707 3533 1814 3595 sed
1847 3534 1994 3613 quia
2031 3532 2186 3594 Gal-

266 3630 465 3691 lorum
502 3630 763 3691 omnium
802 3649 879 3690 ea
912 3638 1065 3691 esset
1106 3632 1489 3713 conspiratio,
1530 3632 1629 3692 cui
1671 3632 1794 3712 ipse
1835 3650 1952 3691 non
1991 3641 2190 3713 ponet

266 3730 557 3789 resistere.
644 3728 1117 3809 Inveniebatque
1152 3727 1335 3789 fidem
1372 3748 1451 3789 ex
1486 3748 1560 3789 eo
1595 3728 1758 3808 quod
1791 3738 2092 3789 contemta
2125 3736 2191 3789 et

266 3824 551 3904 ignobilis
587 3824 933 3885 Eburonum
968 3825 1181 3886 civitas
1216 3824 1364 3885 nihil
1400 3845 1507 3907 per
1540 3845 1603 3885 se
1630 3832 1997 3885 attentatura
2020 3824 2188 3889 vide-

262 3922 465 3995 batur,
494 3923 609 3983 nisi
636 3922 889 4006 plurium
916 3931 979 3982 et
1001 3921 1439 4003 opulentiorum
1466 3920 1692 3983 fiducia
1717 3932 2060 3982 armaretur.

340 4029 449 4082 13.
496 4020 847 4092 Ambiorix,
881 4020 995 4081 hac
1039 4020 1291 4081 victoria
1334 4020 1639 4101 multoque
1685 4038 1832 4080 auro
1871 4038 1949 4079 ex
1991 4018 2188 4099 direp-
2293 4094 2298 4102 Ι

264 4118 425 4178 tione
446 4128 780 4180 castrorum
805 4118 1048 4197 potitae,
1074 4118 1277 4177 atatim
1302 4136 1441 4177 cum
1466 4118 1734 4197 equitatu
1754 4116 1816 4176 in
1843 4114 2190 4187 Atuaticos,

266 4212 489 4277 deinde
536 4217 597 4276 in
639 4215 905 4277 Nervios
944 4216 1237 4297 pervenit,
1278 4216 1384 4277 ubi
1424 4214 1674 4295 legionis
1713 4215 1886 4275 unius
1922 4214 2192 4294 hyberna

326 4408 349 4435 ⁸
386 4400 517 4450 aaa·
536 4398 831 4463 eebor-tibus]
866 4400 997 4453 Cum
1020 4414 1123 4453 nna
1156 4400 1363 4468 legione
1387 4406 1442 4454 et
1465 4369 1694 4469 quinque
1715 4398 2034 4453 cohortibus.
2098 4397 2190 4451 Sic

269 4472 525 4516 memorat
546 4464 743 4517 Cesar.
783 4466 925 4515 Creo.
