3300 5234
845 530 1053 608 uam
1102 556 1257 609 ovi.
1300 556 1948 609 scertamen-run.

284 695 569 758 bocchus.
652 694 761 759 Ne
785 698 1015 781 pedites
1037 699 1277 781 quidem
1300 708 1628 774 morantur,
1665 700 1808 781 quin
1833 718 1940 782 spe
1963 706 2026 760 et
2047 716 2194 780 gau-

282 792 388 853 dio
414 794 679 855 victoriae
706 816 939 857 cursum
963 798 1228 877 equitum
1250 816 1435 879 prope
1460 796 1792 879 adaequent.

363 896 469 949 43.
515 889 638 953 Sed
664 900 975 973 postquam
1002 901 1241 974 repente
1266 902 1329 953 et
1354 895 1459 975 qui
1494 894 1767 973 fugerant
1789 892 2196 965 substiterunt,

282 995 347 1046 et
368 995 663 1067 praeterea
687 998 951 1049 recentes
970 997 1343 1050 accurrerunt
1367 976 1804 1070 alib-sperabat
1823 998 2022 1050 tamen
2048 1010 2196 1071 pug-
2235 1064 2243 1071 .

282 1100 423 1141 nam
452 1082 738 1157 Publius,
768 1085 845 1145 ad
874 1105 1081 1145 manus
1105 1093 1437 1158 venturum,
1462 1094 1532 1145 ut
1554 1093 1766 1146 contra
1790 1104 2034 1167 paucos,
2049 1085 2199 1171 ‘hos-

280 1187 405 1239 tem
432 1188 619 1243 ratus.
705 1180 801 1242 At
834 1183 1075 1254 Parthi,
1103 1182 1505 1265 cataphractis
1528 1183 1589 1243 in
1626 1182 1818 1263 prima
1843 1182 1972 1243 acie
2011 1202 2200 1264 oppo-

280 1278 437 1350 sitis,
475 1286 675 1339 cetero
708 1279 973 1360 equitatu
1020 1280 1283 1360 disperso
1322 1279 1730 1351 circumvecti,
1763 1297 2039 1357 magnam
2077 1280 2200 1339 vim

282 1374 552 1455 pulveris
578 1374 655 1435 de
683 1375 971 1436 industria
996 1378 1390 1450 concitarunt,
1415 1396 1537 1457 qno
1578 1383 1960 1455 conspectum
1995 1381 2057 1434 et
2069 1374 2198 1456 'spi-

282 1470 467 1531 ritum
490 1470 788 1532 Romanis
812 1472 1157 1533 adimerent.
1241 1476 1452 1553 Atque
1494 1472 1586 1531 illi
1627 1469 1844 1531 ferales
1879 1471 2030 1531 iuter
2073 1490 2201 1531 um-

282 1566 449 1638 bras,
477 1576 543 1628 et
564 1569 729 1629 triste
754 1568 1076 1641 silentium,
1102 1587 1242 1629 nam
1288 1578 1351 1629 et
1386 1586 1593 1629 vocem
1634 1566 2044 1627 intercluserat
2069 1566 2201 1647 pul-

282 1664 443 1723 veris
468 1664 684 1736 nubes,
713 1665 938 1745 jaculis
962 1661 1183 1726 temere
1210 1664 1611 1729 incidentibus
1636 1662 1989 1742 figebantur.
2073 1662 2200 1723 Mi·

280 1760 531 1820 serabili
578 1770 765 1822 morte
804 1763 1129 1825 consumtis
1166 1762 1485 1845 plerisque,
1526 1761 1670 1842 quia
1702 1759 1922 1820 vellere
1961 1760 2204 1821 hamata

282 1856 524 1939 spicula
564 1868 873 1931 conantes,
920 1880 1025 1941 per
1065 1880 1251 1920 venas
1291 1880 1397 1941 per
1436 1878 1649 1920 nervos
1681 1858 1914 1939 penitus
1959 1856 2201 1927 adacta,

284 1974 395 2014 sua
420 1955 539 2035 ipsi
568 1976 817 2037 corpora
842 1956 997 2017 foede
1024 1956 1331 2017 laniabant
1346 1978 1365 2026 ς
1395 1975 1471 2017 ne
1498 1956 1836 2036 superstites
1859 1954 2096 2035 quidem
2124 1954 2204 2014 ad

284 2074 553 2133 pugnam
600 2063 767 2114 erant
810 2056 961 2136 apti,
1005 2055 1355 2134 Publioque
1401 2061 1474 2114 ut
1515 2054 1800 2134 impetum
1836 2052 2102 2113 facerent
2141 2053 2200 2111 in

282 2152 713 2232 cataphractos
758 2151 1051 2223 hortante,
1098 2172 1308 2209 manus
1352 2150 1559 2221 scutis,
1602 2150 1785 2229 pedes
1823 2148 1952 2210 solo
1995 2147 2205 2209 affixos

282 2250 693 2309 ostentabant.
1231 2237 1241 2249 ⁶

360 2352 471 2405 44.
518 2344 717 2424 Igitur
742 2346 1007 2406 Publius
1050 2365 1187 2406 cnm
1232 2344 1531 2426 equitibus
1562 2362 1736 2403 cursu
1775 2340 2046 2404 invectus
2089 2350 2202 2415 est,

282 2440 755 2523 haudquaquam
795 2443 924 2525 pari
966 2443 1311 2513 certamine,
1340 2460 1477 2501 cum
1517 2440 1680 2499 nuda
1713 2460 1958 2520 corpora
1985 2440 2201 2500 Gallo-

281 2558 439 2611 rum,
468 2558 611 2599 nam
636 2538 699 2599 id
726 2540 954 2599 roboris
976 2547 1125 2610 erat,
1152 2537 1499 2599 firmissimis
1520 2538 1711 2598 contis
1735 2544 2200 2619 percuterentur-3

282 2635 559 2695 Parthos
600 2635 785 2696 crudo
830 2636 995 2697 corio
1032 2644 1137 2697 aut
1172 2634 1365 2695 ferrea
1408 2634 1597 2695 lorica
1638 2642 1852 2706 tectos,
1895 2634 2103 2693 breves
2141 2642 2206 2693 et

282 2732 621 2793 imbecilles
646 2733 871 2794 lanceae
900 2754 1107 2815 pamm
1132 2732 1520 2793 offenderent.
1585 2730 1750 2812 Ergo
1778 2730 1974 2801 Galli,
2000 2730 2202 2809 abjec-

282 2829 361 2888 tis
386 2828 639 2901 lanceis,
666 2838 875 2891 contos
899 2830 1346 2911 prehendebant
1382 2829 1677 2901 manibus,
1722 2834 1786 2887 et
1831 2826 1908 2887 ad
1953 2846 2204 2908 corpora

280 2926 547 2987 bostium
573 2926 945 2988 evadebant:
986 2935 1400 3007 correptosque
1441 2925 1848 2987 deturbabant
1885 2944 1963 2984 ex
2006 2926 2201 3004 equis,

284 3043 591 3084 armorum
615 3023 875 3104 pondere
899 3023 977 3085 ad
1004 3024 1423 3104 resurgendum
1449 3022 1762 3083 inhabiles.
1845 3021 2006 3092 Alii,
2031 3020 2204 3081 relic-

286 3121 364 3180 tis
384 3122 535 3193 suis,
564 3121 819 3181 hostium
842 3122 1125 3183 subibant
1156 3142 1365 3203 equos,
1392 3129 1746 3201 ventresque
1771 3137 1975 3180 eorum
2013 3117 2206 3179 fodie-

284 3218 457 3289 bant,
484 3226 561 3278 ut
584 3218 749 3279 rabie
772 3220 979 3280 mortis
1000 3221 1255 3301 correpti
1294 3225 1645 3280 excuterent
1667 3236 1940 3286 sessores,
1967 3216 2206 3297 suisque

286 3324 349 3373 et
370 3314 648 3375 hostibus
672 3324 739 3375 ut
763 3316 1013 3397 quisque
1052 3322 1391 3377 occurrerat
1430 3314 1764 3395 promiscue
1790 3312 2022 3373 obtritis
2043 3331 2204 3372 com-

288 3418 678 3473 morerentur.
776 3410 1047 3472 Tandem
1087 3412 1186 3472 siti
1236 3420 1417 3492 atque
1468 3419 1637 3482 astu,
1686 3408 1846 3489 quod
1897 3416 2208 3488 utrumque

288 3508 453 3585 genti
478 3514 581 3569 est
604 3506 1067 3579 infestissimum,
1104 3507 1301 3569 coacti
1340 3506 1534 3577 Galli,
1582 3505 1662 3566 ad
1707 3525 1844 3565 suos
1877 3524 1941 3565 se
1979 3503 2211 3587 pedites

288 3612 666 3686 receperunt,
686 3605 754 3664 in
780 3602 1041 3665 medium
1076 3614 1324 3686 accepto
1349 3604 1603 3676 Public,
1628 3602 1734 3684 qui
1768 3602 2082 3663 fortissime
2115 3600 2212 3660 di-

289 3700 577 3761 micando
600 3700 859 3780 graviter
882 3710 1011 3761 erat
1036 3700 1396 3762 vulneratus.

368 3804 477 3859 45.
532 3796 693 3857 Cum
735 3798 797 3857 in
844 3796 1061 3858 collem
1106 3796 1403 3878 quendam
1444 3796 1792 3865 evasissent,
1839 3791 2105 3871 religatis
2147 3790 2210 3851 in

292 3893 491 3955 medio
516 3895 711 3974 equis,
736 3893 981 3975 clypeos
1004 3902 1403 3977 opposuerunt
1423 3892 1812 3953 barbarorum
1853 3888 2012 3960 telis,
2038 3887 2210 3947 auxi-

292 3990 441 4051 lium
476 4012 558 4052 ex
604 3989 739 4053 loco
780 3992 1086 4052 habituros
1120 3992 1271 4051 rati:
1314 3988 1477 4071 quod
1502 3996 1708 4050 contra
1731 3985 1862 4048 fuit.
1946 3983 2116 4046 Nam
2147 3985 2210 4045 in

293 4086 485 4168 plano
508 4106 547 4148 a
570 4087 862 4169 prioribus
885 4087 1188 4148 ordinibus
1212 4094 1527 4167 sequentes
1549 4091 1874 4164 'utcumque
1900 4089 2209 4160 teguntur:

294 4183 545 4244 acclivis
568 4184 849 4260 tumulus,
884 4184 1029 4265 quia
1070 4184 1417 4265 posteriores
1450 4200 1682 4262 semper
1715 4178 1921 4239 altiore
1959 4176 2212 4255 vestigio

294 4277 609 4353 tolluntur,
670 4302 877 4342 omnes
934 4302 1011 4342 ex
1072 4302 1247 4362 oequo
1302 4278 1511 4341 nudat.
1610 4278 1690 4337 In
1734 4296 1810 4337 ea
1861 4274 2212 4335 necessitato

296 4376 509 4439 Graeci
532 4376 659 4440 duo
684 4378 943 4441 Carrhas
984 4378 1373 4441 incolentium
1412 4375 1850 4438 adolescentem
1888 4372 2210 4433 hortaban-
