3300 5234
1702 579 1775 629 T.
1822 578 2016 629 mvn
2053 608 2061 615 -

1027 804 1036 811 ι
1085 740 1278 785 rerum
1319 721 1536 803 peritia
1570 720 1789 783 Gallus
1831 724 2085 784 scribere
2128 742 2243 785 non
2280 721 2588 793 dubitarit,
2633 728 2651 759 ‘
2678 721 2857 783 citius
2882 722 2999 785 du·-

1085 828 1265 881 centa
1313 819 1506 882 millia
1546 821 1933 891 scribarum,'·
1972 841 2155 901 quam
2207 814 2446 901 triginta
2496 819 2691 880 miliia
2742 820 3001 881 militum

1087 918 1326 997 reperiri
1347 916 1524 977 hodie
1549 917 1608 976 in
1633 916 1845 978 Gallia
1871 918 2085 998 posse?

1165 1004 1281 1070 55:
1315 1007 1518 1069 Causa
1535 1007 1803 1069 bellandi
1828 1010 2131 1090 praecipua
2151 1008 2283 1078 fuit,
2309 1006 2473 1088 quod
2503 1007 2735 1087 Belgae,
2763 1028 2998 1070 succes-

1087 1105 1248 1167 sibus
1277 1105 1535 1167 Caesaris
1564 1106 1779 1177 territi,
1807 1126 1917 1166 nec
1944 1105 2285 1165 ambitionis
2308 1104 2519 1183 ignari,
2558 1104 2639 1164 ad
2664 1124 2729 1163 se
2756 1125 2997 1187 quoque

1086 1214 1438 1285 perventura
1461 1224 1628 1264 arma
1652 1203 2077 1284 imperiumque
2096 1200 2443 1261 Romanum
2464 1201 2818 1262 sentiebant.
2886 1202 3000 1263 Ad

1086 1301 1198 1363 hoc
1227 1322 1264 1361 a
1291 1300 1646 1382 quibusdam
1673 1299 2045 1361 celticorum
2064 1297 2406 1369 Gallorum,
2432 1298 2681 1359 diversis
2700 1298 2779 1358 de
2804 1301 3005 1361 causis
3090 1358 3099 1367 ,

1085 1400 1510 1459 incitabantur.
1591 1398 1841 1458 Initium
1886 1417 2181 1459 armorum
2227 1416 2266 1455 a
2306 1394 2689 1477 populatione
2724 1416 3001 1475 agrorum

1085 1504 1304 1566 ortum,
1347 1496 1406 1554 in
1455 1494 1685 1555 Remos
1733 1493 2074 1555 effundente
2116 1514 2179 1553 se
2224 1492 2551 1570 Belgarum
2592 1492 2702 1563 ira,
2746 1513 2998 1574 quorum

1085 1592 1268 1651 etiam
1313 1589 1598 1673 oppidum
1649 1591 1883 1651 Bibrax
1927 1590 2141 1651 acriter
2183 1589 2261 1651 ab
2307 1590 2400 1650 his
2436 1598 2847 1670 oppugnatum
2886 1598 2999 1651 est.

1089 1686 1212 1749 Sed
1249 1688 1390 1769 quia
1414 1687 1578 1748 haud
1604 1686 1839 1767 longius
1872 1706 2057 1766 quam
2082 1686 2161 1747 ad
2185 1695 2323 1747 octo
2348 1685 2539 1745 millia
2565 1704 2843 1767 passuum
2866 1706 3001 1747 cas-

1087 1794 1184 1844 tra
1208 1783 1462 1845 Caesaris
1491 1786 1759 1855 aberant,
1796 1794 1860 1845 et
1889 1783 2026 1844 inde
2054 1784 2317 1845 subsidia
2344 1783 2557 1845 Remis
2586 1782 2997 1855 mittebantur,

1089 1880 1296 1942 relicto
1321 1882 1629 1956 Bibracte,
1672 1881 1883 1962 Belgae
1919 1884 2185 1963 protinus
2211 1880 2290 1943 ad
2324 1889 2520 1942 castra
2545 1878 2828 1943 Romana
2850 1898 3001 1945 eon-

1091 1978 1430 2041 tenderunt.
1497 1977 1507 2001 '

1173 2084 1272 2139 56.
1315 2077 1546 2139 Axona
1581 2076 1801 2139 flumen
1846 2098 1951 2159 per
1992 2085 2290 2137 extremos
2314 2075 2641 2139 Remorum
2671 2076 2818 2139 fines
2843 2078 3001 2141 labi-

1091 2182 1210 2245 tur,
1249 2173 1330 2234 ad
1361 2174 1526 2255 quod
1566 2174 1770 2235 Caesar
1803 2194 1877 2235 eo
1911 2183 2171 2254 tempore
2209 2172 2578 2246 consederat,
2610 2176 2819 2236 castris
2855 2176 2997 2237 dili-

1091 2280 1298 2350 genter
1349 2272 1608 2343 munitis,
1660 2270 1821 2352 quod
1867 2280 2107 2354 propter
2144 2270 2583 2331 multitudinem
2627 2272 2883 2333 hostium
2934 2284 3001 2335 et

1090 2368 1328 2429 virtutis
1341 2370 1578 2429 eximiae
1604 2369 1849 2441 famam,
1874 2390 1993 2429 non
2010 2370 2301 2429 statuerat
2319 2367 2589 2449 praelium
2606 2378 2999 2451 praeterquam

1091 2485 1171 2525 ex
1207 2467 1520 2527 commodo
1554 2488 1663 2527 suo
1700 2467 2086 2528 committere.
2169 2464 2293 2526 Sed
2318 2474 2631 2547 postquam
2658 2468 2719 2527 in
2744 2468 2994 2529 transitu

1090 2560 1344 2623 fluminis
1374 2563 1687 2646 impeditos
1710 2564 1947 2635 didicit,
1976 2566 2143 2641 (nam
2168 2571 2239 2622 ut
2262 2562 2347 2629 Q.
2388 2561 2679 2623 Titurium
2708 2562 2994 2647 legatum,

1089 2677 1229 2718 cum
1273 2680 1381 2720 sex
1411 2660 1753 2721 cohortibus
1778 2660 1839 2720 in
1880 2660 2073 2719 altera
2102 2659 2233 2739 ripa
2274 2657 2516 2731 relictis,
2559 2660 2991 2740 opprimerent;

1089 2763 1214 2826 aut,
1233 2756 1287 2815 si
1308 2755 1420 2816 hoc
1447 2764 1845 2837 non.possent,
1875 2755 2201 2816 Remorum
2231 2764 2530 2817 vastarent
2553 2776 2743 2835 agros,
2764 2768 2995 2839 partem

1087 2870 1325 2911 suorum
1359 2852 1738 2913 transducere
1778 2854 2199 2932 conabantur,)
2242 2873 2377 2914 cum
2408 2854 2567 2913 omni
2610 2854 2877 2933 equitatu
2920 2875 2995 2917 ac

1085 2944 1202 3007 levi
1243 2956 1543 3009 armatura
1575 2957 1817 3030 pontem
1855 2958 2262 3028 transgressus,
2292 2949 2510 3009 multos
2540 2950 2763 3010 occidit
2778 2972 2796 3020 ;
2840 2951 2994 3032 alios

1085 3062 1192 3123 per
1215 3064 1450 3104 suorum
1475 3065 1728 3126 corpora
1750 3045 1993 3105 transire
2014 3056 2317 3117 conantes,
2340 3045 2720 3107 multitudine
2742 3046 2995 3107 telorum

971 3148 981 3159 ‘
1082 3142 1335 3223 repulit:
1381 3142 1642 3222 aliquem
1682 3163 2013 3215 numerum,
2060 3144 2163 3223 qui
2200 3145 2333 3223 jam
2367 3144 2789 3216 transmiserat,
2822 3145 2989 3223 equi-

1079 3246 1210 3300 tatu
1235 3240 1642 3301 circumvenit.

1161 3342 1262 3399 5⁷.
1306 3335 1540 3397 Hostes
1573 3336 1687 3397 sibi
1728 3357 1836 3397 sua
1872 3335 2123 3397 consilia
2152 3355 2361 3417 parum
2396 3335 2651 3399 feliciter
2676 3334 2991 3399 succedere

1077 3432 1331 3512 experti,
1357 3432 1437 3493 ad
1463 3434 1578 3494 hoc
1603 3433 1811 3493 audito
1838 3433 2167 3494 concitatos
2193 3454 2231 3492 a
2259 3432 2499 3494 Caesare
2519 3433 2751 3495 AEduos
2780 3432 2991 3495 Bello-

1076 3547 1354 3589 vacorum
1405 3526 1552 3589 fines
1599 3528 1892 3590 hostiliter
1936 3530 2204 3600 intrasse,
2250 3528 2513 3589 secunda
2551 3530 2783 3609 vigilia,
2816 3530 2992 3591 nullo

1075 3633 1238 3684 certo
1261 3624 1468 3685 ordine
1493 3646 1687 3706 neque
1716 3625 1985 3707 imperio,
2013 3624 2090 3685 ad
2114 3645 2225 3685 sua
2250 3625 2545 3707 proficisci
2572 3627 2948 3687 instituerunt
2972 3647 2990 3687 :

1075 3723 1162 3784 sic
1186 3724 1339 3785 inter
1353 3743 1416 3783 se
1436 3718 1621 3804 pacti,
1643 3732 1712 3783 ut
1737 3724 1839 3803 qui
1856 3743 2055 3783 eorum
2072 3723 2243 3803 primi
2265 3744 2302 3782 a
2322 3723 2561 3784 Caesare
2584 3724 2757 3805 petiti
2770 3733 2987 3796 essent,

1077 3819 1156 3881 ad
1179 3820 1386 3883 horum
1405 3818 1809 3881 defensionem
1830 3820 2087 3881 universi
2107 3830 2541 3881 concurrerent.
2610 3820 2836 3892 Cesar,
2860 3818 2989 3881 dis-

1141 4029 1168 4063 *
1201 4029 1364 4080 Citius
1396 4030 1599 4079 amenta
1631 4028 1787 4079 millia
1815 4028 1994 4078 miba-
2064 4028 2127 4078 de
2162 4039 2355 4091 guerre.
2437 4026 2687 4077 Ceterum
2744 4027 2859 4093 ejus
2905 4030 2989 4081 rei

1075 4094 1209 4157 m]
1243 4094 1434 4144 Parnm
1478 4103 1566 4141 aut
1601 4095 1869 4159 eleganter
1904 4102 1997 4143 aut
2065 4108 2226 4157 penes
2247 4102 2512 4143 auctorem
2547 4095 2783 4143 volumus
2822 4092 2987 4145 fldem

1079 4160 1220 4208 clare
1273 4160 1431 4210 vertit
1479 4159 1687 4209 Gallica
1738 4158 1995 4222 Stephani
2062 4172 2197 4219 esse,
2240 4159 2325 4222 qui
2371 4159 2493 4209 licet
2530 4158 2725 4209 Gallici
2762 4158 2991 4210 nominis

1078 4222 1339 4288 Panqnier
1383 4224 1542 4273 verba
1589 4223 1995 4273 Freinshemius.
2064 4224 2467 4278 amantissimus.
2511 4235 2566 4273 et
2620 4226 2737 4272 sive
2786 4224 2992 4287 ingenii

1078 4288 1268 4353 Itaque
1305 4289 1392 4338 hic
1435 4304 1500 4337 ea
1530 4302 1793 4349 apponere
1830 4290 1997 4339 libet:
2066 4288 2390 4351 amu-nitate,
2413 4289 2522 4337 sive
2538 4288 2729 4351 judicii
2754 4289 2987 4339 sanitate

1081 4353 1188 4404 Nee
1199 4353 1296 4403 mis
1309 4352 1568 4403 uuerdent
1582 4353 1740 4415 placat
1753 4356 2000 4404 deu-reem
2066 4355 2478 4410 commendatus,
2496 4354 2575 4403 hic
2596 4362 2769 4405 tamen
2784 4354 2989 4407 dictum

1077 4419 1208 4469 mille
1242 4418 1496 4482 (hommes)
1543 4418 1737 4469 want
1772 4418 1905 4468 ι’ὲιαε
1940 4422 2001 4468 de
2066 4420 2233 4470 noluit
2256 4419 2496 4485 perdere.
2534 4420 2681 4471 Creo.

1075 4486 1128 4533 le
1144 4484 1316 4549 plume,
1337 4499 1424 4550 que
1450 4488 1607 4535 trente
1637 4484 1769 4535 mille
1801 4484 2003 4535 homes
