3300 5234
926 517 1135 568 mum
1182 517 1351 568 cut.
1396 517 2046 570 SUPPLRMRNTUM.

366 681 547 724 versa».
582 658 809 722 Gallice
848 661 1185 743 provincias
1224 661 1532 722 constituit
1570 669 1847 742 quatuor,
1883 661 2272 724 Narbonensi

364 761 606 822 addita:
648 779 787 840 qun
810 759 1023 819 iterum
1046 760 1157 820 sub
1182 767 1449 841 tempora
1475 758 1854 820 Constantini
1879 757 2277 825 discesserunt«

362 858 422 920 in
446 866 651 939 partes
680 855 1142 937 septemdecim:
1184 876 1320 938 quoe
1357 855 1575 917 deinde
1615 856 1856 938 partitio
1895 875 1938 916 a
1975 855 2274 920 Romanis

358 975 589 1036 semper
629 962 723 1015 est
759 962 1013 1015 retenta.
1092 953 1171 1034 Ej
1179 975 1247 1014 us
1285 954 1415 1015 haec
1456 961 1548 1015 est
1594 953 1842 1014 notitia:
1887 953 2272 1027 Viennensis,

360 1050 795 1131 Lugdunensis,
832 1050 1162 1112 Germania
1194 1051 1407 1133 prima,
1440 1049 1770 1112 Germania
1795 1050 2083 1123 secunda,
2123 1051 2272 1136 391«.

360 1149 493 1226 gica
534 1148 752 1230 prima,
800 1147 1059 1228 Belgica
1098 1147 1383 1221 secunda,
1433 1148 1633 1230 Alpes
1679 1147 2028 1220 Maritimae,
2070 1146 2272 1228 Alpes

359 1245 659 1306 Penninae
700 1254 766 1306 et
809 1243 1041 1318 Graia,
1080 1243 1367 1306 Maxima
1411 1244 1850 1326 Sequanorum,
1895 1244 2278 1326 Aquitanica

356 1341 573 1422 prima,
611 1341 987 1424 Aquitanica
1006 1341 1292 1415 secunda,
1332 1341 1579 1404 Novem
1604 1343 1978 1424 populorum,
2022 1340 2272 1406 Narbo·-

360 1440 553 1500 nensis
576 1439 789 1522 prima,
816 1438 1233 1501 Narbonensis
1250 1439 1533 1512 secunda,
1560 1439 1970 1519 Lugdunensis
1985 1440 2268 1516 secunda,

360 1533 770 1615 Lugdunensis
794 1537 994 1607 tertia,
1030 1535 1437 1615 Lugdunensis
1460 1535 1742 1598 Senonia.

437 1639 584 1694 188.
641 1631 885 1693 Harum
926 1632 1287 1694 Viennensis
1327 1631 1509 1694 hodie
1554 1631 1958 1713 Delphinatus
1997 1641 2270 1706 vocatur,

358 1729 509 1790 inter
532 1727 749 1793 fluvios
774 1728 1009 1790 Isaram
1041 1728 1530 1812 Rhodanumque
1566 1729 1645 1790 ad
1680 1727 1832 1790 fines
1864 1727 2269 1808 Allobrogum

358 1825 510 1896 sita3
563 1827 738 1907 cujus
776 1827 1103 1886 etiamnum
1141 1835 1326 1908 caput
1368 1825 1613 1887 Vienna
1657 1834 1770 1899 est,
1809 1823 2268 1907 Archiepiscopi

355 1923 551 1997 sedes,
584 1927 742 1985 sicut
772 1923 920 1984 olim
957 1923 1285 1985 consularis
1321 1921 1458 1984 fuit.
1538 1922 1860 2005 Pleraeque
1885 1921 2042 1982 enim
2063 1941 2270 1986 omnes

356 2021 553 2093 urbm,
595 2041 745 2102 quas
768 2020 1114 2083 Romanum
1140 2021 1456 2104 imperium
1482 2019 1840 2101 metropoles
1867 2019 2034 2092 fecit,
2075 2019 2268 2080 archi-

354 2117 729 2198 episcopales
752 2125 962 2198 postea
982 2119 1331 2199 extiterunt.

433 2219 581 2274 139.
621 2213 909 2274 Ceterum
931 2214 1106 2274 urbes
1123 2212 1483 2274 Viennensis
1504 2213 1824 2294 provinciae
1841 2213 1906 2273 in
1927 2211 2268 2286 Itinerario,

354 2309 519 2389 quod
557 2309 857 2372 Antonini
894 2318 1135 2383 vocant,
1178 2317 1455 2372 notantur
1490 2308 1982 2391 quatuordecim:
2025 2308 2270 2374 Vienna

350 2405 717 2488 metropolis,
764 2407 980 2469 civ-itas
1029 2405 1493 2479 Genevensium,
1546 2405 2268 2487 Gratianopolitanorum,

353 2502 741 2580 Albensium,
780 2527 889 2566 seu
919 2504 1199 2578 Vivario,
1230 2501 1583 2577 Deensium,
1619 2503 2100 2578 Valentinorum,
2131 2503 2269 2565 Tri,
2399 2519 2410 2529 ·

350 2602 734 2682 crastinorum,
784 2594 1267 2674 vasionensium‘,
1321 2601 1775 2675 Arausicorum,
1830 2601 2268 2684 Carpentorac·

348 2699 629 2774 tensium,
698 2698 1169 2773 cabellicorum,
1234 2697 1720 2773 Massiliensium,
1793 2700 2265 2774 Avennicorum,

354 2798 822 2861 Arelatensium.
904 2792 1065 2868 Quas
1086 2819 1293 2861 omnes
1322 2799 1442 2860 suis
1479 2799 1700 2871 adbuc,
1736 2807 1842 2860 aut
1879 2797 2124 2880 paulum
2157 2799 2264 2861 de-

353 2894 527 2958 flexis
570 2899 909 2959 nominibus
950 2906 1307 2968 noscuntur;
1370 2897 1621 2958 totidem
1665 2915 1822 2958 nunc
1867 2897 2264 2978 episcopatus,

352 3003 569 3074 prater
610 2995 765 3056 duas
803 2995 1047 3056 ultimas
1090 2993 1690 3076 archiepiscopalibus
1733 2993 1940 3056 infulis
1983 2995 2268 3074 insignes.

354 3089 807 3174 Gratianopolis
828 3093 1009 3154 etiam
1034 3091 1296 3154 tribunal
1320 3093 1523 3164 babet,
1552 3090 2010 3153 Parlamentum
2025 3100 2267 3154 vocant.
2396 3161 2402 3168 ,

354 3187 647 3270 Sequitur
669 3189 1082 3270 Lugdunensis
1110 3189 1171 3250 in
1197 3197 1455 3270 quatuor
1478 3183 1706 3251 tributa
1731 3197 1950 3271 partes,
1991 3191 2269 3251 universa

352 3305 571 3348 nomen
596 3307 637 3348 a
660 3286 973 3369 metropoli
994 3287 1241 3348 habens.
1321 3286 1537 3348 Prima
1572 3287 1855 3370 partium,
1889 3295 2102 3369 proeter
2139 3307 2266 3348 me-

350 3383 635 3466 tropolin,
680 3391 934 3465 quatuor
975 3383 1239 3444 habebat
1285 3383 1582 3456 civitates,
1636 3403 1776 3465 quas
1818 3392 1883 3445 et
1925 3383 2071 3464 ipsse
2109 3403 2268 3444 nunc

348 3481 731 3564 episcopatus
764 3491 925 3553 sunt,
953 3480 1261 3543 civitatem
1297 3479 1652 3553 AEduorum,
1685 3481 1800 3542 hoc
1833 3489 1924 3542 est
1957 3480 2284 3560 Augusto-⁸

350 3577 601 3650 dunum,
644 3577 998 3658 Lingonum,
1039 3577 1227 3656 (nunc
1268 3575 1666 3656 Langrensem
1707 3577 2112 3659 episcopatum
2158 3595 2266 3638 vo·-

348 3678 549 3754 cant,)
578 3674 855 3736 Casu-um
882 3673 1322 3736 Matisconense
1346 3684 1409 3735 et
1434 3671 1876 3736 cabillonense.

438 3778 582 3832 140.
625 3771 981 3834 Germanias
1004 3771 1155 3834 duas
1184 3771 1247 3832 in
1285 3770 1495 3832 Rheni
1529 3772 1660 3852 ripa
1680 3771 1952 3832 citeriore
1976 3779 2268 3834 vocarunt

354 3865 645 3942 Romani,
690 3869 853 3952 quod
894 3887 1030 3929 eam
1064 3867 1290 3929 Galliae
1326 3876 1553 3950 partem
1582 3866 1960 3928 Germanicoe
1998 3867 2266 3928 nationes

352 3965 712 4028 insederant.
782 3965 1011 4028 Earum
1028 3987 1165 4047 quae
1190 3967 1380 4047 prima
1396 3966 1748 4037 vocabatur,
1774 3984 1813 4024 a
1837 3964 2082 4026 meridie
2111 3964 2266 4026 Bur·

350 4063 586 4145 gundos
649 4064 910 4147 respicit,
962 4071 1026 4124 et
1076 4073 1338 4124 montem
1378 4061 1419 4123 J
1426 4083 1610 4137 uram,
1664 4061 1948 4126 Rhenum
2000 4062 2079 4122 ab
2126 4071 2264 4123 ortu

348 4163 561 4235 babet,
586 4163 665 4224 ad
688 4182 971 4224 occasum
999 4161 1415 4243 Lugdunenses
1440 4159 1707 4222 Senones
1743 4160 1969 4222 colunt.
2028 4159 2262 4220 Metro-

348 4255 513 4341 polis
542 4260 683 4320 buic
713 4267 804 4319 est
842 4257 1425 4338 Magantiacensium
1454 4258 1708 4318 civitas:
1751 4256 2016 4338 reliquae,
2051 4265 2266 4341 praeter

346 4357 477 4418 alia
516 4356 863 4438 municipia,
905 4356 1524 4438 Argentoratensium,
1564 4353 1918 4430 Nemetum,
1957 4355 2063 4438 qui
2104 4374 2262 4416 nunc
