3300 5234
687 486 867 553 5168
1662 504 1734 553 τ.
1781 504 1972 553 mvn

1102 654 1163 707 2.
1206 647 1431 709 Siciliae
1476 648 1634 709 Cato
1681 658 1970 731 praeerat3
2011 622 2203 729 ⁸atque
2257 648 2544 709 hactenus
2587 649 2818 727 egregie
2865 670 2930 709 se

1020 755 1397 827 compararat
1420 746 1497 807 ad
1522 744 1770 819 bellum,
1796 746 2086 807 habendis
2110 748 2172 807 iu
2199 746 2394 807 insula
2415 755 2478 807 et
2501 746 2703 805 vicina
2745 744 2934 807 Italia

1022 841 1377 911 delectibus‚
1404 854 1467 903 et
1488 842 1678 905 classe
1701 842 2108 905 conficienda:
2151 844 2237 905 ita
2260 852 2330 903 ut
2351 864 2488 925 spes
2509 862 2732 923 magna
2755 854 2934 914 oecet,

729 945 838 995 Cic.
859 943 923 993 ul
1023 940 1209 999 teneri
1238 939 1506 1001 Siciliam
1548 940 1712 1001 nullo
1751 938 1988 1021 negotio
2028 960 2220 1023 posse.
2305 938 2428 1003 Sed
2458 940 2566 999 ubi
2599 940 2938 1021 premissus

697 1010 883 1127 ἓξὲξ·
906 1012 987 1061 ¹²·
1024 1035 1273 1097 Asinius
1312 1036 1525 1098 Pollio
1562 1039 1970 1119 interroganti,
2011 1047 2029 1075 ‘
2051 1048 2322 1099 utrumne
2356 1046 2616 1107 senatus,
2663 1056 2753 1123 aa·
2793 1057 2940 1098 vero

694 1140 833 1217 Plan:
854 1137 969 1189 cat.
1025 1134 1235 1217 populi
1264 1137 1437 1215 jussu
1464 1136 1722 1197 venisset
1743 1136 1784 1195 1’
1865 1145 1883 1173 ‘
1909 1134 2210 1197 Mandata
2249 1137 2382 1215 ejus
2417 1134 2654 1195 adesse’
2693 1154 2935 1215 respon·

698 1204 921 1271 Amm·
1026 1233 1140 1304 dit,
1182 1241 1201 1269 ι
1226 1233 1331 1315 qui
1368 1242 1495 1294 tum
1522 1232 1770 1295 Italiam
1799 1232 2046 1295 haberet
2069 1234 2128 1293 in
2154 1242 2446 1315 potestate
2464 1232 2505 1303 ;’
2543 1231 2718 1291 simul
2743 1230 2938 1291 Pom-

1028 1330 1146 1411 peii
1172 1328 1399 1408 fugam,
1419 1339 1483 1391 et
1502 1328 1782 1391 Curionis
1807 1330 2102 1391 nuntiavit
2125 1328 2484 1389 adventum:
2521 1348 2630 1409 pro
2651 1328 2942 1389 concione

700 1434 836 1485 Plut.
1032 1424 1291 1486 ostendit
1330 1435 1347 1463 ‘
1368 1427 1510 1485 satis
1554 1426 1668 1487 sibi
1709 1426 1926 1487 virium
1964 1446 2090 1487 esse
2136 1425 2214 1486 ad
2259 1424 2682 1506 expellendum
2723 1424 2945 1485 Sicilia

1035 1522 1413 1592 Pollionem:
1457 1522 1561 1584 sed
1586 1525 1730 1605 quia
1765 1544 1904 1585 cum
1944 1523 2079 1585 aliis
2111 1524 2303 1605 copiis
2341 1522 2528 1583 Curio
2565 1530 2943 1603 expectetur,

704 1630 825 1682 Dio.
860 1632 991 1687 Plut.
1036 1640 1100 1679 se
1140 1620 1415 1680 innoxios
1452 1620 1705 1681 exitioso
1729 1618 1894 1681 bello
1919 1619 2359 1701 implicaturum
2385 1639 2502 1679 nou
2529 1639 2674 1679 eme.
2759 1618 2945 1679 Cete-

1038 1736 1166 1776 rum
1208 1717 1405 1777 mirari
1450 1717 1704 1778 consilia
1743 1716 2029 1788 Deorum,
2071 1727 2136 1779 et
2173 1717 2494 1799 perplexas
2531 1717 2946 1797 abstrusasque

1036 1814 1314 1885 rationes,
1342 1815 1449 1895 qui
1473 1813 1772 1895 Pompeio
1797 1813 1986 1875 multa
2023 1835 2210 1897 prava
2240 1812 2546 1895 incipienti
2581 1834 2816 1893 semper
2855 1813 2946 1875 fa·

1036 1912 1289 1980 vissent;
1336 1931 1491 1971 nunc
1516 1932 1619 1992 pro
1648 1910 1922 1971 libertate
1949 1912 2158 1993 patriae
2185 1918 2544 1993 pugnantem
2572 1909 2952 1971 desererent-³

708 2014 839 2065 Οτι-ο.
1038 2006 1257 2067 Pauca
1280 2006 1495 2067 deinde
1519 2016 1761 2089 questus
1799 2016 1891 2069 est
1913 2006 1988 2069 de
2029 2007 2348 2089 Pompeio,
2392 2016 2410 2044 ‘
2430 2007 2533 2089 qui
2561 2007 2734 2067 rebus
2755 2008 2949 2067 omni-

1038 2104 1151 2163 bus
1192 2104 1698 2186 imparatissimis,
1737 2113 1939 2165 tantas
1975 2106 2178 2165 turbas
2199 2112 2574 2175 com-osset,
2599 2104 2952 2183 senatuique

1040 2202 1439 2283 persuasisset,
1464 2202 1666 2261 omnia
1687 2201 1766 2262 ad
1795 2201 2015 2262 bellum
2053 2202 2288 2282 egregie
2328 2202 2570 2283 provisa
2605 2210 2670 2263 et
2707 2220 2950 2283 compa-

707 2309 931 2387 Appim.
1040 2306 1174 2357 rata
1217 2318 1280 2357 se
1323 2298 1583 2359 babere!
1665 2296 1830 2359 Haec
1877 2298 1938 2359 in
1981 2300 2264 2359 concione
2285 2298 2568 2373 locutus,
2621 2297 2954 2380 Corcyram

819 2386 863 2424 ·’
1042 2392 1447 2473 abnavigavit,
1476 2402 1545 2453 ut
1568 2392 1867 2476 Pompeio
1891 2414 1955 2455 se
1977 2396 2382 2475 conjungeret.

1125 2496 1186 2551 3.
1230 2488 1472 2551 Interea
1496 2488 1724 2563 Caesar,
1755 2491 2044 2552 militibus
2077 2491 2136 2551 in
2172 2493 2449 2572 proxima
2483 2491 2815 2574 municipia
2847 2490 2959 2553 de-

1043 2584 1263 2663 ductis,
1299 2596 1367 2647 ut
1403 2606 1442 2647 a
1479 2586 1688 2648 labore
1721 2585 2120 2657 reficerentur,
2155 2586 2234 2649 ad
2264 2588 2494 2649 Urbem
2528 2588 2856 2672 profectus,
2879 2586 2958 2649 de

1043 2684 1351 2767 republica
1385 2704 1522 2745 cum
1564 2684 1836 2767 patribus
1867 2686 1972 2765 qui
2009 2694 2136 2745 tum
2171 2684 2421 2747 aderaut
2443 2686 2588 2747 satis
2627 2685 2963 2766 frequentes

718 2802 1003 2853 Pinacem
1046 2783 1189 2861 egit.
1274 2780 1517 2863 Quippe
1556 2789 1826 2843 senatum
1867 2780 1962 2843 Μ.
1990 2783 2318 2855 Antonius,
2348 2783 2432 2850 Q.
2461 2782 2704 2843 Cassius
2737 2783 2962 2843 tribuni

722 2870 841 2983 cg·
875 2930 975 2981 Dio
1050 2876 1263 2959 plebis,
1296 2886 1469 2937 extra
1510 2878 1852 2959 pomoerium
1892 2884 2229 2957 coegerant.
2314 2877 2414 2940 Ibi
2441 2878 2674 2951 Caesar,
2699 2898 2960 2939 commc-

838 2968 853 2985 ⁰
976 2963 993 2981 '
1050 2975 1292 3035 moratis
1330 2975 1694 3036 inimicorum
1737 2976 1988 3055 injuriis,
2025 2996 2252 3059 suaque
2293 2976 2574 3047 lenitatef.
2615 2978 2676 3037 in
2719 2997 2824 3037 eos
2857 2976 2964 3057 qui

1049 3072 1283 3133 civibus
1304 3072 1425 3131 suis
1450 3082 1660 3154 proeter
1685 3074 2092 3135 necessitatem
2133 3074 2398 3137 facerent
2419 3074 2666 3150 bellum,
2693 3095 2814 3135 non
2838 3074 2966 3135 sine

1052 3170 1219 3247 gravi
1264 3170 1684 3249 imprecatione
1737 3171 2007 3232 invectus
2047 3180 2158 3231 est.
2241 3181 2260 3209 ⁶
2286 3170 2384 3233 De
2427 3192 2492 3232 se
2539 3192 2681 3233 vero
2725 3190 2966 3253 sperare

727 3293 943 3363 Δηώ,
1052 3284 1257 3325 omnes
1280 3268 1515 3326 omnia’
1544 3268 1748 3347 jussit,
1793 3276 1811 3303 ‘
1834 3268 2028 3349 quiet
2050 3266 2204 3329 alios
2239 3268 2564 3349 permultos
2593 3267 2968 3331 adversario-

1056 3381 1183 3421 rum
1223 3374 1652 3438 conservasset,
1691 3374 1755 3427 et
1794 3366 2091 3447 praecipue
2137 3364 2208 3427 1..
2253 3364 2591 3427 Domitium
2629 3364 2970 3435 dimisiaeet,

1056 3478 1194 3519 cum
1234 3481 1454 3541 magna
1490 3464 1781 3544 pecunia!
1864 3462 2006 3524 Fuit
2043 3472 2106 3525 et
2146 3472 2355 3523 auctor
2387 3448 2693 3523 mittendae
2727 3472 2972 3526 senatus

729 3580 847 3631 Dio.
882 3577 1013 3629 02..
1059 3556 1295 3617 nomine
1342 3556 1653 3638 legationis
1696 3558 1775 3621 ad
1816 3559 2181 3641 Pompeium
2223 3569 2289 3620 et
2331 3558 2624 3619 consules.
2707 3567 2725 3594 ‘
2747 3557 2974 3639 Neque

1059 3652 1216 3713 enim
1258 3674 1323 3714 se
1364 3654 1766 3727 reformidare,
1803 3654 1968 3736 quod
2009 3655 2344 3737 Pompeius
2381 3654 2656 3727 dixisset,
2697 3654 2780 3717 ad
2821 3674 2976 3737 quos

1062 3748 1244 3829 legati
1284 3753 1678 3823 mitterentur,
1719 3752 1792 3811 iis
1829 3753 2244 3814 auctoritatem
2281 3752 2548 3823 attribui,
2583 3752 2974 3833 timoremque

716 2539 846 2589 cm.

734 3878 855 3929 Dio.
1062 3869 1265 3909 eorum
1291 3850 1395 3930 qui
1436 3850 1736 3911 mitterent
1769 3847 2131 3928 significari?
2215 3848 2293 3910 In
2333 3849 2582 3911 eandem
2617 3850 2976 3913 sententiam

738 3974 1041 4027 vellana),
1062 3966 1203 4005 cum
1226 3944 1451 4026 populo
1472 3966 1736 4027 quoque,
1762 3946 1866 4026 qui
1891 3946 2100 4025 etipse
2125 3944 2204 4007 ad
2229 3966 2368 4007 eum
2391 3966 2469 4010 ex
2503 3945 2676 4007 Urbe
2695 3944 2974 4009 conflux-

736 4074 887 4128 ffiob
1064 4050 1218 4114 erat,
1244 4039 1497 4113 locutus,
1523 4043 1851 4102 miserrima
1885 4041 2312 4101 necessitudine
2339 4050 2650 4115 excusata,
2676 4042 2842 4122 quod
2867 4042 2974 4103 ad-

1064 4140 1451 4201 versariorum
1496 4140 1674 4201 armis
1722 4138 1800 4199 ad
1840 4160 2009 4199 arma
2045 4150 2390 4219 cogeretur:
2434 4138 2790 4201 frumentum
2837 4160 2976 4221 pro-

1066 4238 1225 4301 misit
1268 4255 1349 4297 ex
1384 4236 1614 4306 insulis,
1640 4244 1702 4297 et
1745 4244 2046 4297 trecentos
2087 4254 2357 4297 nummos
2405 4236 2648 4297 viritim.

1149 4340 1209 4393 4.
1254 4332 1359 4395 Ita
1382 4334 1580 4415 specie
1606 4354 1836 4394 reversa
1870 4332 2056 4415 pacis,
2091 4342 2332 4393 senatus
2363 4332 2446 4393 ad
2475 4334 2754 4397 vestitum
2781 4334 2976 4395 rediit.

1072 4430 1353 4493 Ceterum
1390 4452 1581 4513 neque
1614 4432 1760 4493 satis
1793 4432 2028 4495 levatus
2061 4430 2364 4493 homiuum
2399 4434 2578 4494 timor
2611 4442 2724 4507 est,
2757 4433 2978 4497 similia
