3300 5234
755 506 944 587 5214'
1756 532 1827 578 τ.
1874 528 2065 579 mvn

1089 678 1258 755 (nam
1285 675 1512 757 pecoris
1531 692 1610 735 ex
1633 673 1821 755 Epiro
1837 672 2193 753 suppetebat
2210 670 2411 753 copia)
2432 670 2815 733 victitabant.
2878 670 2999 732 sed

791 776 923 827 Plin.
1087 783 1151 833 st
1189 772 1488 833 radicibus
1529 770 1841 851 herbisque
1882 767 2175 829 vellendis
2216 768 2561 847 quaerebant
2596 766 2877 829 solatium
2910 769 2999 828 in-

759 846 976 971 ᾗῗιζὴξζ
1085 871 1258 950 opiae.
1341 869 1691 932 prasertim
1728 887 1847 927 uno
1882 886 2095 945 genere
2120 866 2459 939 utebantur,
2484 865 2649 946 quod
2676 844 3003 925 vocabatur

761 972 890 1023 Cu.
1087 969 1306 1027 chara:
1349 965 1434 1037 id,
1457 964 1731 1027 admixto
1774 964 1955 1034 lacte,
1980 964 2043 1022 in
2076 962 2525 1025 similitudinem
2558 964 2733 1043 panis
2764 962 3001 1041 subige-

1089 1066 1254 1125 bant.
1338 1062 1648 1142 Ejusmodi
1685 1081 1888 1143 panes,
1914 1079 2053 1121 cum
2088 1061 2149 1119 in
2180 1059 2501 1141 colloqui‘n
2522 1059 2887 1141 Pompeiani
2912 1058 3001 1119 fa-

761 1168 894 1219 Plat.
933 1167 1064 1219 Cu.
1089 1182 1244 1221 mem
1269 1160 1390 1221 illis
1408 1159 1859 1241 exprobrarent,
1878 1158 2059 1237 vulgo
2076 1157 2481 1237 conjiciebant
2502 1158 2563 1216 in
2588 1176 2729 1217 eos:
2772 1166 2791 1193 ⁸
2811 1154 3003 1217 donec

1089 1259 1202 1319 boc
1229 1268 1414 1338 genus
1435 1256 1669 1317 radices
1690 1254 1867 1316 tellum
1882 1253 2086 1327 ferret,
2116 1273 2415 1333 nunqnam
2442 1274 2507 1314 se
2530 1252 2875 1313 dimissuros
2896 1254 3003 1313 ob-

761 1366 892 1416 Caes.
1085 1354 1374 1415 sidionem
1387 1356 1406 1383 ’
1447 1353 1808 1414 dictitantes.
1913 1360 1931 1388 ‘
1964 1350 2109 1411 Imo
2144 1352 2307 1431 prius
2348 1351 2572 1411 cortice
2616 1350 2885 1411 victuros
2922 1370 3000 1411 ex

794 1463 996 1513 Sueton.
1085 1451 1430 1511 arboribus.’
1531 1449 1738 1521 Unde,
1778 1468 1843 1507 re
1884 1445 1965 1507 ad
2006 1467 2071 1507 se
2114 1445 2339 1516 delata,
2382 1445 2743 1525 Pompeium
2782 1444 3003 1506 dixine

761 1524 1061 1641 grac-⁶8.
1085 1547 1303 1617 ferunt,
1354 1556 1372 1584 ‘
1401 1567 1538 1607 cum
1581 1546 1727 1606 feris
1762 1544 1880 1605 sibi
1926 1564 2045 1603 rem
2090 1544 2276 1613 essez'
2328 1551 2393 1602 et
2430 1544 2699 1624 profluus
2738 1542 2999 1603 amoveri

797 1656 1020 1720 Polym.
1079 1646 1324 1725 jussisse
1367 1664 1572 1725 panes,
1615 1663 1807 1724 neque
1848 1642 2129 1721 cuiquam
2172 1639 2431 1711 ostendi,
2472 1659 2665 1720 neque
2706 1659 3003 1701 sermones

762 1721 911 1805 ΜΨ
943 1735 1065 1771 ω’·
1091 1742 1346 1821 vulgari,
1373 1760 1448 1801 ne
1473 1740 1801 1821 pertinacia
1826 1740 2011 1799 bostis
2034 1737 2295 1819 cog-nita,
2322 1734 2759 1797 flaccescerent.

763 1858 892 1912 ea,
1175 1846 1276 1900 86.
1317 1836 1440 1900 Sed
1481 1838 1612 1898 bne
1652 1836 2027 1897 incommoda
2058 1856 2165 1915 spe
2202 1834 2548 1915 propinquae
2588 1834 2799 1895 messis
2834 1834 3001 1895 leva·

1091 1936 1328 2007 bantur,
1353 1934 1511 2015 quod
1530 1938 1661 2014 jam
1687 1933 1981 1993 frumenta
2008 1932 2376 2013 incipiebant
2406 1940 2819 1993 maturescere.
2904 1931 2999 1992 Si·

1087 2032 1236 2103 mul,
1261 2034 1406 2113 quia
1425 2033 1659 2112 optima
1680 2030 2047 2102 valetudine,
2076 2048 2503 2109 aquarumque,
2528 2037 2615 2101 et,
2640 2038 2857 2110 praeter
2880 2028 3003 2089 frn-

1085 2138 1370 2201 mentum,
1417 2137 1785 2190 commeatus
1830 2128 2013 2189 ceteri
2062 2128 2241 2207 copia
2292 2128 2636 2199 utebantur,
2688 2136 2849 2187 sorte
2896 2146 3004 2189 sua

1083 2227 1346 2286 contenti
1395 2235 1597 2287 erant:
1652 2226 1977 2305 praesertim
2026 2225 2173 2304 quia
2220 2222 2447 2284 crebris
2491 2224 3001 2305 Pompeianorum

763 2324 944 2376 Lucan.
1085 2322 1528 2383 transitionibus
1578 2320 1905 2382 audiebant
1954 2322 2017 2380 in
2070 2319 2307 2380 illorum
2358 2320 2569 2381 castris
2618 2340 2743 2401 proe
2800 2320 3003 2401 inopia

853 2407 890 2441 ⁸⁸
1087 2420 1292 2502 pabuli
1337 2421 1442 2479 vix
1489 2439 1675 2499 equos
1712 2420 2065 2487 sustentari3
2120 2425 2323 2479 cetera
2353 2420 2633 2497 jumenta
2674 2418 3003 2488 interiinez

1087 2538 1163 2578 ex
1205 2517 1562 2578 cadaverum
1599 2516 1807 2577 foetore
1833 2517 1895 2575 in
1922 2526 2173 2595 angusto
2198 2516 2397 2597 spatio
2424 2516 2661 2576 morbos
2682 2515 3001 2596 invulgari,

1087 2614 1506 2675 accedentibus
1555 2614 1878 2694 praesertim
1934 2612 2239 2673 laboribus
2290 2612 2676 2691 quotidianis,
2720 2622 2787 2672 et
2828 2632 3003 2693 aqut

1086 2731 1316 2772 summa
1341 2712 1564 2791 inopia,
1589 2710 1755 2790 quod
1778 2730 1980 2771 omnes
2004 2710 2165 2770 rivos
2188 2717 2251 2769 et
2274 2707 2544 2781 flumina,
2574 2728 2649 2769 ne
2680 2729 2787 2791 per
2812 2710 3003 2771 Pom-

1091 2810 1214 2890 peii
1258 2807 1530 2889 praesidia
1567 2806 1964 2878 decurrerent,
2004 2806 2234 2885 magnis
2266 2807 2547 2889 operibus
2584 2806 2793 2867 Gaesar
2832 2828 3003 2868 aver·

1089 2914 1262 2965 terat.

1171 3009 1271 3065 37.
1315 3000 1482 3063 Inter
1517 2982 1673 3073 b‘aec,
1702 3009 1768 3062 ut
1804 3010 1929 3061 tam
1968 3001 2300 3083 propinquo
2336 3001 2529 3073 hoste,
2554 3001 2703 3063 etin
2728 3020 2891 3063 nova
2914 3022 3005 3062 ra·

1091 3100 1248 3159 tione
1273 3097 1442 3170 belli,
1471 3098 1616 3159 nibil
1656 3100 1801 3158 satis
1836 3108 2027 3159 tutum
2066 3106 2173 3159 aut
2196 3097 2463 3177 quietum
2488 3107 2642 3170 erat,
2666 3106 2733 3158 et
2754 3098 3009 3158 subinde

1091 3216 1262 3255 novae
1287 3194 1536 3256 nocendi
1560 3194 1929 3274 cavendique
1958 3204 2115 3271 artes
2139 3196 2655 3273 excogitabantur.
2716 3193 3007 3275 Pompei·

1093 3294 1214 3364 ani,
1239 3292 1646 3353 animadverso
1686 3292 1963 3353 cobortes
2002 3290 2257 3352 Caesaris
2302 3302 2481 3353 noctu
2528 3291 2608 3351 ad
2651 3294 3012 3357 munitionoe

1089 3390 1412 3463 excubare,
1439 3388 1572 3449 loco
1609 3390 1885 3449 stationis
1924 3390 2145 3469 ignium
2188 3387 2411 3449 indicio
2446 3388 2837 3470 deprehenso,
2862 3410 3010 3451 con-

1090 3484 1284 3546 fertim
1329 3485 1700 3547 accedebant
1740 3484 1999 3557 silentio,
2046 3494 2110 3547 et
2150 3485 2327 3546 simul
2381 3486 2639 3546 universi
2688 3486 3013 3549 mittebant

1087 3584 1338 3662 sagittas
1363 3584 1514 3644 intra
1539 3582 1791 3654 vallum,
1820 3592 1885 3643 et
1908 3603 1943 3643 e
1968 3582 2223 3662 vestigio
2256 3602 2321 3643 se
2354 3584 2725 3665 recipiebant
2746 3583 2827 3643 ad
2852 3604 3011 3645 suos.

1094 3678 1242 3739 Hoc
1265 3690 1446 3761 pacto
1469 3699 1606 3741 cum
1631 3679 1804 3740 multi
1828 3681 2255 3750 sauciarentur,
2276 3679 2340 3740 id
2364 3689 2659 3761 repertum
2683 3680 3011 3742 remedium

1091 3787 1205 3849 est,
1233 3787 1301 3838 ut
1327 3776 1446 3837 alio
1475 3778 1610 3837 loco
1633 3778 2049 3848 excubaretur,
2078 3775 2197 3837 alio
2238 3778 2403 3856 ignes
2428 3774 2654 3837 fierent.
2738 3776 2839 3838 At
2860 3780 3013 3840 sicut

1095 3876 1152 3935 in
1181 3884 1528 3956 tempestate
1556 3873 1801 3954 quidam
1829 3894 1951 3955 prae
1976 3875 2376 3953 ceteris-gravi
2402 3874 2559 3935 mole
2592 3873 2813 3937 fluctus
2848 3886 3010 3948 sunt,

769 4000 893 4047 Flos.
1093 3993 1243 4053 quos
1281 3972 1642 4033 decumanos
1688 3970 2035 4052 appellant3
2080 3974 2167 4033 ita
2208 3974 2361 4033 inter
2406 3972 2617 4033 crebra
2658 3978 3008 4051 certamina,

773 4096 898 4145 em,
1093 4070 1238 4130 dum
1277 4071 1342 4132 bi
1375 4078 1615 4130 tentant
1646 4071 2041 4149 eruptionem,
2080 4070 2173 4130 illi
2212 4069 2530 4151 repellunt,
2554 4090 2675 4131 uno
2700 4070 2801 4131 die
2824 4072 3011 4133 tribus

1096 4167 1174 4226 ad
1205 4166 1646 4247 Dyrrhachium
1684 4166 1927 4246 praeliis,
1967 4166 2216 4228 totidem
2256 4168 2335 4227 ad
2376 4167 2733 4227 munitiones
2762 4188 3011 4229 concur·

1091 4282 1222 4323 sum
1249 4272 1357 4323 est.
1443 4258 1689 4343 Quippe
1716 4262 2047 4343 Pompeius
2070 4264 2389 4325 distinendi
2414 4265 2601 4326 hostis
2632 4284 2837 4336 causa,
2879 4263 3007 4345 plu-

1093 4360 1256 4425 ribus
1282 4359 1427 4420 locis
1451 4359 1771 4421 tumultum
1808 4360 2215 4431 excitaveratg
2258 4362 2365 4423 sed
2401 4361 2595 4423 ubivis
2630 4362 3006 4445 improspere.
