3300 5234
664 482 842 552 5188

667 1708 786 1759 Dio.

1593 498 1700 551 .‘1·.
1748 495 1946 545 {alvu

993 649 1058 701 et
1073 661 1201 721 qus
1237 660 1343 723 spe
1381 648 1679 723 pactoque
1716 638 2121 711 dimittemini,
2164 638 2483 719 diligenter
2524 647 2903 701 manentote.

995 738 1166 802 Nam
1199 739 1250 800 si
1285 747 1493 821 postea
1519 738 1618 801 vel
1648 739 1877 801 minimi
1918 746 2115 799 motus
2148 746 2254 797 aut
2286 746 2559 798 auctores
2596 737 2755 809 aliis,
2802 746 2909 798 unt

991 838 1139 899 socii
1175 836 1424 908 fueritis,
1452 836 1671 897 veteris
1692 835 1869 897 simul
1906 836 2271 917 recentisque
2298 833 2503 895 delicti
2530 854 2759 917 poemn
2788 856 2904 896 non

993 934 1310 1014 effugietis.
1396 932 1659 994 Militem
1706 952 1826 994 non
1874 932 2069 993 solum
2121 931 2481 993 indefessum
2522 930 2603 992 ed
2642 931 2904 1005 labores,

991 1032 1310 1113 impigrum
1349 1028 1430 1093 sd
1471 1030 1703 1111 prelia,
1744 1029 1851 1091 sed
1886 1031 2069 1091 etiem
2102 1026 2207 1090 ‘vel
2248 1029 2509 1091 maxime
2550 1031 2906 1109 morigerum

991 1128 1132 1189 duci
1155 1148 1282 1189 esse
1315 1136 1590 1209 oportet:
1633 1127 1751 1189 hoc
1787 1128 1838 1187 si
1878 1129 2056 1200 absit,
2101 1128 2332 1208 reliqua
2362 1128 2577 1208 saepius
2606 1128 2667 1188 in
2706 1130 2905 1209 perni-

992 1227 1148 1287 ciem
1169 1224 1456 1296 omnium,
1485 1242 1673 1304 quam
1706 1226 2061 1305 cujusquam
2098 1223 2413 1287 commodo
2434 1224 2674 1285 cedunt.
2762 1224 2905 1285 Mn·

981 1325 1150 1401 jores
1173 1321 1380 1393 nostri,
1407 1340 1588 1402 penes
1611 1342 1763 1401 quos
1784 1321 2017 1402 aliquot
2034 1321 2268 1382 saeculis
2290 1340 2521 1381 summa
2546 1320 2689 1380 belli
2714 1321 2910 1400 glorio,

993 1440 1102 1501 per
1119 1420 1388 1481 homines
1411 1418 1546 1491 fuit,
1568 1418 1789 1479 nullius
1814 1421 1899 1479 rei
1924 1419 2347 1499 diligentiores,
2375 1438 2555 1500 quem
2568 1418 2907 1500 disciplinae

993 1518 1289 1588 militaris,
1341 1515 1622 1577 custodes
1662 1515 1916 1579 fiierunt.
2000 1517 2227 1579 Iisdem
2273 1516 2396 1578 illis
2430 1526 2657 1577 certum
2696 1518 2909 1578 immo-

993 1623 1238 1695 tumque
1261 1634 1496 1696 semper
1523 1613 1660 1686 fuit,
1695 1614 1831 1695 plus
1862 1616 1925 1675 in
1958 1614 2113 1676 duce
2151 1636 2333 1697 quam
2360 1616 2421 1676 in
2446 1615 2708 1675 exercitu
2734 1636 2909 1697 repo·

996 1730 1157 1771 nere.
1240 1711 1452 1792 Atque
1475 1712 1591 1773 boc
1615 1712 1891 1773 universa
1913 1732 2107 1773 rerum
2132 1722 2345 1773 natura
2366 1712 2581 1773 docere
2609 1712 2911 1793 paulisper

997 1816 1257 1869 attentos
1305 1807 1628 1869 debuisset.
1713 1808 1961 1889 Ubique
2010 1810 2253 1870 minoris
2310 1818 2403 1871 est
2448 1808 2613 1889 quod
2662 1810 2907 1889 regitur,

994 1925 1177 1985 quam
1209 1905 1374 1987 quod
1399 1906 1674 1987 imperat.
1754 1906 2027 1987 Ideoque
2060 1907 2303 1977 Jovem,
2326 1909 2501 1988 cujus
2526 1910 2589 1968 in
2614 1915 2907 1988 potestate

995 2006 1198 2067 omnin
1219 2024 1347 2065 esse
1365 2004 1683 2075 credimus,
1706 2005 1998 2085 optimum
2020 2006 2463 2085 maximumque
2488 2022 2803 2066 vocemus:
2846 2014 2913 2065 et

997 2103 1058 2163 in
1084 2102 1344 2173 bomine,
1371 2102 1650 2163 membris
1672 2104 1945 2163 omnibus
1968 2112 2213 2184 totoque
2238 2124 2484 2184 corpote
2510 2122 2630 2162 uun
2654 2122 2839 2173 mens,
2866 2120 2909 2161 n

996 2220 1120 2280 qua
1143 2208 1442 2279 reguntur,
1470 2200 1665 2280 potior
1688 2209 1797 2261 est.

1076 2302 1180 2361 47.
1221 2306 1241 2333 ⁶
1273 2296 1436 2359 Haee
1461 2298 1622 2377 prius
1645 2296 1977 2375 intelligere
2018 2312 2127 2356 vos
2164 2292 2507 2365 voluissem,
2532 2304 2597 2355 et
2620 2304 2751 2355 erat
2782 2315 2909 2356 me-

995 2392 1130 2455 lius.
1215 2392 1310 2455 Ut
1333 2403 1532 2455 temen
1547 2404 1554 2411 ‘
1571 2393 1751 2456 simul
1793 2402 1857 2455 et
1892 2392 2236 2453 necessaria}
2258 2392 2610 2464 severitatis,
2636 2401 2699 2452 et
2715 2391 2913 2453 solitae

993 2491 1326 2553 clementiae
1355 2512 1503 2553 meae
1529 2492 1681 2553 ratio
1704 2492 2015 2563 habeatnr,
2040 2491 2099 2549 in
2122 2510 2343 2570 paucos
2366 2488 2541 2550 edem
2566 2488 2914 2571 exemplum

997 2588 1158 2669 quod
1185 2590 1246 2649 in
1285 2599 1472 2652 totam
1514 2588 1808 2669 legionem
1846 2588 2220 2670 oportuisset.
2306 2586 2565 2650 Centum
2604 2597 2669 2649 et
2697 2586 2915 2667 viginti

997 2684 1301 2748 seditionis
1341 2695 1609 2747 auctores
1649 2685 1933 2767 deposco,
1986 2683 2142 2745 unde
2194 2682 2508 2745 duodecim
2550 2683 2629 2744 ed
2676 2703 2913 2765 poensm

998 2792 1154 2843 sorte
1179 2792 1501 2853 vocenturz
1543 2792 1607 2843 et
1629 2783 1743 2843 erit
1766 2780 2011 2862 aliquod
2037 2780 2396 2862 poenitentiae
2420 2782 2677 2859 signum,
2702 2780 2755 2839 si
2778 2800 2915 2861 pes-

999 2880 1178 2941 simos
1205 2880 1471 2941 homines
1506 2878 1854 2939 obedienter
1888 2877 2294 2939 tradideritis?
2378 2877 2581 2939 Sortes
2604 2879 2691 2938 itu
2714 2876 2793 2937 de
2822 2877 2913 2937 in-

999 2974 1224 3037 dustria
1246 2986 1384 3037 sunt
1417 2984 1787 3057 temperata,
1830 2983 1899 3037 ut
1931 2973 2405 3037 seditiosissimus
2438 2974 2689 3055 quisque
2728 2974 2916 3035 duce-

1001 3082 1180 3135 retur.
1263 3072 1386 3135 Sed
1411 3094 1550 3135 cum
1573 3093 1655 3133 ex
1684 3073 1796 3133 hoc
1832 3092 2081 3149 numero¹
2110 3092 2293 3134 unum
2314 3080 2579 3154 tempore
2606 3070 2919 3133 seditionis

1001 3170 1256 3232 abfuisse
1281 3180 1598 3242 constaret,
1619 3170 2022 3232 centurionem
2046 3172 2143 3251 cuj
2152 3192 2219 3231 us
2240 3170 2545 3231 calumnis,
2568 3189 2779 3231 nomen
2806 3170 2917 3232 de·

858 3269 871 3280 '
909 3302 925 3319 ·
999 3269 1186 3331 latum
1215 3270 1544 3330 innocentis
1565 3268 1783 3340 fueret,
1806 3290 1914 3350 pro
1938 3268 2047 3329 illo
2073 3269 2279 3330 caesar
2300 3268 2497 3329 occidi
2512 3268 2713 3347 jussit.
2787 3266 2919 3330 His

998 3368 1188 3429 securi
1215 3368 1504 3449 percussis
1529 3376 1917 3429 exauctorata
1943 3367 2122 3446 legio,
2150 3386 2267 3427 non
2286 3358 2913 3445 ferens'ignominiam3

999 3485 1138 3526 cum
1163 3463 1460 3545 repudiari
1483 3484 1656 3525 sunm
1694 3484 1935 3546 operam
1967 3473 2255 3535 cerneret,
2278 3484 2393 3525 non
2422 3463 2653 3525 destitit
2674 3464 2915 3524 satisfu—

713 3582 742 3614 u
827 3581 875 3615 u.
998 3582 1134 3623 cere
1153 3561 1517 3642 imperatori,
1543 3560 1737 3622 donec
1764 3562 1965 3621 multis
1992 3571 2055 3623 et
2077 3560 2443 3643 supplicibus
2468 3560 2743 3642 precibus
2764 3578 2915 3621 exo-

1000 3667 1152 3731 rato,
1179 3659 1487 3740 pristinum
1515 3660 1578 3719 in
1603 3668 2035 3721 sacramentum
2060 3658 2439 3739 reciperetur.

1079 3762 1182 3818 48.
1239 3755 1606 3817 Placentina
1654 3754 1941 3816 seditione
1992 3757 2342 3836 composita,
2396 3754 2605 3815 Caesnr
2654 3752 2917 3833 legiones

1000 3852 1276 3913 maximis
1299 3854 1606 3915 itineribus
1623 3853 1684 3911 in
1714 3852 2005 3934 Apuliam
2024 3861 2087 3913 et
2114 3852 2418 3913 Bruttium
2442 3852 2647 3923 mittit,
2673 3851 2915 3911 nuvium

1000 3950 1262 4031 undique
1297 3948 1834 4012 contrahendarum
1873 3970 2090 4011 causa:
2130 3951 2257 4030 ipse
2297 3948 2558 4009 Romam
2602 3950 2663 4008 in
2700 3948 2915 4010 faciem

875 4047 889 4063 ⁰
1000 4049 1168 4128 pacis
1192 4066 1331 4108 cum
1351 4048 1562 4107 inermi
1600 4047 1887 4108 comitatu
1922 4046 2245 4128 profectus,
2272 4046 2629 4107 dictami-am
2666 4046 2817 4117 iniit,
2844 4054 2917 4105 ut

998 4146 1232 4223 roganti
1243 4144 1477 4205 scilicet
1491 4143 1713 4225 populo
1730 4143 2011 4204 Romano
2032 4142 2479 4223 gratificaretur.
2514 4142 2794 4203 Ceterum
2806 4142 2913 4203 ille

998 4241 1204 4302 consul
1229 4242 1290 4301 in
1311 4261 1526 4302 annum
1547 4251 1887 4322 sequentem
1904 4242 2095 4301 creari
2124 4238 2418 4311 volueret,
2440 4249 2509 4300 ut
2543 4240 2911 4321 tyrannicum

1000 4348 1376 4420 potestatem,
1391 4358 1571 4421 quam
1591 4341 1935 4421 usurpabat,
1958 4338 2203 4419 legitimi
2224 4339 2597 4417 magistratus
2614 4338 2912 4401 vocabulo
