<?xml version="1.0" encoding="UTF-8"?>
<!DOCTYPE html PUBLIC "-//W3C//DTD XHTML 1.0 Transitional//EN"
    "http://www.w3.org/TR/xhtml1/DTD/xhtml1-transitional.dtd">
<html xmlns="http://www.w3.org/1999/xhtml" xml:lang="en" lang="en">
 <head>
  <title>
</title>
<meta http-equiv="Content-Type" content="text/html;charset=utf-8" />
  <meta name='ocr-system' content='tesseract 3.04.00' />
  <meta name='ocr-capabilities' content='ocr_page ocr_carea ocr_par ocr_line ocrx_word'/>
</head>
<body>
  <div class='ocr_page' id='page_1' title='image "./tliviipatavinih35unkngoog/tliviipatavinih35unkngoog_0425.png"; bbox 0 0 3300 5234; ppageno 0'>
   <div class='ocr_carea' id='block_1_1' title="bbox 820 516 1993 599">
    <p class='ocr_par' dir='ltr' id='par_1_1' title="bbox 820 516 1993 599">
     <span class='ocr_line' id='line_1_1' title="bbox 820 516 1993 599; baseline 0 -2"><span class='ocrx_word' id='word_1_1' title='bbox 820 548 1031 597; x_wconf 77' lang='lat' dir='ltr'>mum</span> <span class='ocrx_word' id='word_1_2' title='bbox 1080 516 1293 598; x_wconf 73' lang='lat' dir='ltr'>cxvi.</span> <span class='ocrx_word' id='word_1_3' title='bbox 1338 545 1993 599; x_wconf 67' lang='lat' dir='ltr'>suprnnmnwrum,</span> 
     </span>
    </p>
   </div>
   <div class='ocr_carea' id='block_1_2' title="bbox 285 690 2212 2617">
    <p class='ocr_par' dir='ltr' id='par_1_2' title="bbox 285 690 2212 1819">
     <span class='ocr_line' id='line_1_2' title="bbox 288 690 2205 775; baseline 0.001 -24"><span class='ocrx_word' id='word_1_4' title='bbox 288 691 443 751; x_wconf 88' lang='lat' dir='ltr'>renti</span> <span class='ocrx_word' id='word_1_5' title='bbox 494 691 813 761; x_wconf 81' lang='lat' dir='ltr'>minantur,</span> <span class='ocrx_word' id='word_1_6' title='bbox 866 700 929 751; x_wconf 86' lang='lat' dir='ltr'>et</span> <span class='ocrx_word' id='word_1_7' title='bbox 977 692 1137 751; x_wconf 88' lang='lat' dir='ltr'>bona</span> <span class='ocrx_word' id='word_1_8' title='bbox 1204 690 1499 753; x_wconf 78' lang='lat' dir='ltr'>interfecti</span> <span class='ocrx_word' id='word_1_9' title='bbox 1570 692 1876 773; x_wconf 73' lang='lat' dir='ltr'>publicare</span> <span class='ocrx_word' id='word_1_10' title='bbox 1937 702 2205 775; x_wconf 80' lang='lat' dir='ltr'>pergunt.</span> 
     </span>
     <span class='ocr_line' id='line_1_3' title="bbox 292 788 2205 869; baseline 0.002 -22"><span class='ocrx_word' id='word_1_11' title='bbox 292 788 459 848; x_wconf 92' lang='lat' dir='ltr'>Belli</span> <span class='ocrx_word' id='word_1_12' title='bbox 483 808 626 849; x_wconf 87' lang='lat' dir='ltr'>vero</span> <span class='ocrx_word' id='word_1_13' title='bbox 651 788 939 861; x_wconf 86' lang='lat' dir='ltr'>homines,</span> <span class='ocrx_word' id='word_1_14' title='bbox 966 790 1069 869; x_wconf 90' lang='lat' dir='ltr'>qui</span> <span class='ocrx_word' id='word_1_15' title='bbox 1094 789 1208 849; x_wconf 87' lang='lat' dir='ltr'>sibi</span> <span class='ocrx_word' id='word_1_16' title='bbox 1244 790 1323 849; x_wconf 85' lang='lat' dir='ltr'>ab</span> <span class='ocrx_word' id='word_1_17' title='bbox 1348 810 1424 849; x_wconf 85' lang='lat' dir='ltr'>eo</span> <span class='ocrx_word' id='word_1_18' title='bbox 1448 789 1672 849; x_wconf 86' lang='lat' dir='ltr'>tributa</span> <span class='ocrx_word' id='word_1_19' title='bbox 1698 789 1869 851; x_wconf 84' lang='lat' dir='ltr'>firma</span> <span class='ocrx_word' id='word_1_20' title='bbox 1893 810 2020 851; x_wconf 86' lang='lat' dir='ltr'>esse</span> <span class='ocrx_word' id='word_1_21' title='bbox 2047 798 2205 851; x_wconf 89' lang='lat' dir='ltr'>rata-</span> 
     </span>
     <span class='ocr_line' id='line_1_4' title="bbox 288 886 2204 967; baseline 0.001 -22"><span class='ocrx_word' id='word_1_22' title='bbox 288 905 411 965; x_wconf 89' lang='lat' dir='ltr'>que</span> <span class='ocrx_word' id='word_1_23' title='bbox 438 886 775 966; x_wconf 77' lang='lat' dir='ltr'>postulant:</span> <span class='ocrx_word' id='word_1_24' title='bbox 820 895 885 948; x_wconf 89' lang='lat' dir='ltr'>et</span> <span class='ocrx_word' id='word_1_25' title='bbox 928 906 1065 967; x_wconf 80' lang='lat' dir='ltr'>quae</span> <span class='ocrx_word' id='word_1_26' title='bbox 1106 906 1214 947; x_wconf 92' lang='lat' dir='ltr'>suo</span> <span class='ocrx_word' id='word_1_27' title='bbox 1244 889 1383 967; x_wconf 90' lang='lat' dir='ltr'>jure</span> <span class='ocrx_word' id='word_1_28' title='bbox 1428 886 1694 947; x_wconf 81' lang='lat' dir='ltr'>decrevit</span> <span class='ocrx_word' id='word_1_29' title='bbox 1731 887 1808 948; x_wconf 90' lang='lat' dir='ltr'>de</span> <span class='ocrx_word' id='word_1_30' title='bbox 1847 890 1971 948; x_wconf 90' lang='lat' dir='ltr'>suis</span> <span class='ocrx_word' id='word_1_31' title='bbox 2005 889 2204 957; x_wconf 91' lang='lat' dir='ltr'>rebus,</span> 
     </span>
     <span class='ocr_line' id='line_1_5' title="bbox 288 982 2210 1063; baseline 0.001 -23"><span class='ocrx_word' id='word_1_32' title='bbox 288 982 458 1041; x_wconf 87' lang='lat' dir='ltr'>irrita</span> <span class='ocrx_word' id='word_1_33' title='bbox 496 1002 625 1043; x_wconf 85' lang='lat' dir='ltr'>esse</span> <span class='ocrx_word' id='word_1_34' title='bbox 656 983 913 1062; x_wconf 83' lang='lat' dir='ltr'>jubent!</span> <span class='ocrx_word' id='word_1_35' title='bbox 1000 982 1227 1063; x_wconf 83' lang='lat' dir='ltr'>Neque</span> <span class='ocrx_word' id='word_1_36' title='bbox 1262 985 1376 1044; x_wconf 87' lang='lat' dir='ltr'>hoc</span> <span class='ocrx_word' id='word_1_37' title='bbox 1417 984 1641 1044; x_wconf 88' lang='lat' dir='ltr'>Brutus</span> <span class='ocrx_word' id='word_1_38' title='bbox 1677 993 1785 1044; x_wconf 83' lang='lat' dir='ltr'>aut</span> <span class='ocrx_word' id='word_1_39' title='bbox 1815 984 2078 1054; x_wconf 76' lang='lat' dir='ltr'>Cassius,</span> <span class='ocrx_word' id='word_1_40' title='bbox 2107 983 2210 1043; x_wconf 86' lang='lat' dir='ltr'>sed</span> 
     </span>
     <span class='ocr_line' id='line_1_6' title="bbox 288 1079 2210 1159; baseline 0.001 -22"><span class='ocrx_word' id='word_1_41' title='bbox 288 1079 333 1137; x_wconf 87' lang='lat' dir='ltr'>ii</span> <span class='ocrx_word' id='word_1_42' title='bbox 384 1080 677 1148; x_wconf 75' lang='lat' dir='ltr'>nimirum,</span> <span class='ocrx_word' id='word_1_43' title='bbox 709 1079 964 1153; x_wconf 86' lang='lat' dir='ltr'>faciunt,</span> <span class='ocrx_word' id='word_1_44' title='bbox 1011 1082 1114 1159; x_wconf 91' lang='lat' dir='ltr'>qui</span> <span class='ocrx_word' id='word_1_45' title='bbox 1155 1080 1341 1139; x_wconf 81' lang='lat' dir='ltr'>caedis</span> <span class='ocrx_word' id='word_1_46' title='bbox 1387 1080 1510 1141; x_wconf 88' lang='lat' dir='ltr'>illis</span> <span class='ocrx_word' id='word_1_47' title='bbox 1555 1089 1826 1141; x_wconf 80' lang='lat' dir='ltr'>auctores</span> <span class='ocrx_word' id='word_1_48' title='bbox 1865 1082 2210 1141; x_wconf 85' lang='lat' dir='ltr'>extiterunt.</span> 
     </span>
     <span class='ocr_line' id='line_1_7' title="bbox 290 1173 2209 1258; baseline 0.001 -24"><span class='ocrx_word' id='word_1_49' title='bbox 290 1173 576 1236; x_wconf 87' lang='lat' dir='ltr'>Ceterum</span> <span class='ocrx_word' id='word_1_50' title='bbox 628 1176 931 1257; x_wconf 78' lang='lat' dir='ltr'>sepultura</span> <span class='ocrx_word' id='word_1_51' title='bbox 976 1174 1221 1256; x_wconf 87' lang='lat' dir='ltr'>quidem</span> <span class='ocrx_word' id='word_1_52' title='bbox 1264 1175 1519 1237; x_wconf 84' lang='lat' dir='ltr'>Caesaris</span> <span class='ocrx_word' id='word_1_53' title='bbox 1572 1178 1631 1237; x_wconf 86' lang='lat' dir='ltr'>in</span> <span class='ocrx_word' id='word_1_54' title='bbox 1674 1186 1872 1238; x_wconf 82' lang='lat' dir='ltr'>vestra</span> <span class='ocrx_word' id='word_1_55' title='bbox 1915 1184 2209 1258; x_wconf 84' lang='lat' dir='ltr'>potestate</span> 
     </span>
     <span class='ocr_line' id='line_1_8' title="bbox 288 1272 2210 1354; baseline -0.001 -20"><span class='ocrx_word' id='word_1_56' title='bbox 288 1281 405 1344; x_wconf 80' lang='lat' dir='ltr'>est,</span> <span class='ocrx_word' id='word_1_57' title='bbox 431 1282 853 1334; x_wconf 85' lang='lat' dir='ltr'>testamentum</span> <span class='ocrx_word' id='word_1_58' title='bbox 881 1282 1081 1335; x_wconf 83' lang='lat' dir='ltr'>autem</span> <span class='ocrx_word' id='word_1_59' title='bbox 1108 1275 1167 1333; x_wconf 89' lang='lat' dir='ltr'>in</span> <span class='ocrx_word' id='word_1_60' title='bbox 1208 1294 1377 1334; x_wconf 88' lang='lat' dir='ltr'>mea:</span> <span class='ocrx_word' id='word_1_61' title='bbox 1420 1294 1615 1354; x_wconf 90' lang='lat' dir='ltr'>neque</span> <span class='ocrx_word' id='word_1_62' title='bbox 1653 1276 2028 1335; x_wconf 88' lang='lat' dir='ltr'>commissum</span> <span class='ocrx_word' id='word_1_63' title='bbox 2068 1272 2210 1333; x_wconf 83' lang='lat' dir='ltr'>fidei</span> 
     </span>
     <span class='ocr_line' id='line_1_9' title="bbox 290 1369 2212 1452; baseline 0 -21"><span class='ocrx_word' id='word_1_64' title='bbox 290 1390 441 1431; x_wconf 84' lang='lat' dir='ltr'>meae</span> <span class='ocrx_word' id='word_1_65' title='bbox 484 1369 754 1452; x_wconf 86' lang='lat' dir='ltr'>prodam,</span> <span class='ocrx_word' id='word_1_66' title='bbox 798 1372 1142 1451; x_wconf 81' lang='lat' dir='ltr'>priusquam</span> <span class='ocrx_word' id='word_1_67' title='bbox 1182 1379 1245 1431; x_wconf 90' lang='lat' dir='ltr'>et</span> <span class='ocrx_word' id='word_1_68' title='bbox 1286 1392 1383 1432; x_wconf 92' lang='lat' dir='ltr'>me</span> <span class='ocrx_word' id='word_1_69' title='bbox 1424 1371 1642 1451; x_wconf 85' lang='lat' dir='ltr'>aliquis</span> <span class='ocrx_word' id='word_1_70' title='bbox 1679 1371 2004 1433; x_wconf 89' lang='lat' dir='ltr'>occiderit.&#39;</span> <span class='ocrx_word' id='word_1_71' title='bbox 2087 1370 2212 1431; x_wconf 88' lang='lat' dir='ltr'>His</span> 
     </span>
     <span class='ocr_line' id='line_1_10' title="bbox 286 1458 2208 1551; baseline 0 -22"><span class='ocrx_word' id='word_1_72' title='bbox 286 1468 805 1539; x_wconf 86' lang='lat' dir='ltr'>obtestationibus,</span> <span class='ocrx_word' id='word_1_73' title='bbox 852 1478 915 1529; x_wconf 89' lang='lat' dir='ltr'>et</span> <span class='ocrx_word' id='word_1_74' title='bbox 955 1469 1100 1548; x_wconf 89' lang='lat' dir='ltr'>quia</span> <span class='ocrx_word' id='word_1_75' title='bbox 1146 1458 1317 1529; x_wconf 88' lang='lat' dir='ltr'>multi</span> <span class='ocrx_word' id='word_1_76' title='bbox 1362 1469 1591 1529; x_wconf 92' lang='lat' dir='ltr'>lucrum</span> <span class='ocrx_word' id='word_1_77' title='bbox 1630 1470 1952 1551; x_wconf 81' lang='lat' dir='ltr'>sperabant</span> <span class='ocrx_word' id='word_1_78' title='bbox 1986 1490 2061 1529; x_wconf 87' lang='lat' dir='ltr'>ex</span> <span class='ocrx_word' id='word_1_79' title='bbox 2091 1476 2208 1529; x_wconf 86' lang='lat' dir='ltr'>tes-</span> 
     </span>
     <span class='ocr_line' id='line_1_11' title="bbox 285 1564 2208 1649; baseline 0 -25"><span class='ocrx_word' id='word_1_80' title='bbox 285 1574 579 1636; x_wconf 86' lang='lat' dir='ltr'>tamento,</span> <span class='ocrx_word' id='word_1_81' title='bbox 606 1564 784 1625; x_wconf 86' lang='lat' dir='ltr'>facile</span> <span class='ocrx_word' id='word_1_82' title='bbox 826 1565 1051 1626; x_wconf 88' lang='lat' dir='ltr'>inducti</span> <span class='ocrx_word' id='word_1_83' title='bbox 1085 1574 1303 1647; x_wconf 75' lang='lat' dir='ltr'>patreS,</span> <span class='ocrx_word' id='word_1_84' title='bbox 1349 1574 1367 1603; x_wconf 87' lang='lat'>‘</span> <span class='ocrx_word' id='word_1_85' title='bbox 1396 1576 1459 1627; x_wconf 91' lang='lat' dir='ltr'>et</span> <span class='ocrx_word' id='word_1_86' title='bbox 1502 1576 1922 1628; x_wconf 88' lang='lat' dir='ltr'>testamentum</span> <span class='ocrx_word' id='word_1_87' title='bbox 1961 1567 2208 1649; x_wconf 85' lang='lat' dir='ltr'>proferri</span> 
     </span>
     <span class='ocr_line' id='line_1_12' title="bbox 288 1661 2207 1745; baseline 0.002 -24"><span class='ocrx_word' id='word_1_88' title='bbox 288 1681 329 1721; x_wconf 93' lang='lat' dir='ltr'>a</span> <span class='ocrx_word' id='word_1_89' title='bbox 364 1661 593 1722; x_wconf 83' lang='lat' dir='ltr'>Pisone</span> <span class='ocrx_word' id='word_1_90' title='bbox 628 1661 868 1734; x_wconf 88' lang='lat' dir='ltr'>debere,</span> <span class='ocrx_word' id='word_1_91' title='bbox 911 1671 975 1723; x_wconf 91' lang='lat' dir='ltr'>et</span> <span class='ocrx_word' id='word_1_92' title='bbox 1013 1664 1125 1744; x_wconf 90' lang='lat' dir='ltr'>ipsi</span> <span class='ocrx_word' id='word_1_93' title='bbox 1167 1661 1394 1723; x_wconf 84' lang='lat' dir='ltr'>Caesari</span> <span class='ocrx_word' id='word_1_94' title='bbox 1426 1662 1601 1725; x_wconf 88' lang='lat' dir='ltr'>funus</span> <span class='ocrx_word' id='word_1_95' title='bbox 1636 1664 1938 1745; x_wconf 90' lang='lat' dir='ltr'>publicum</span> <span class='ocrx_word' id='word_1_96' title='bbox 1957 1665 1974 1691; x_wconf 95' lang='lat'>&#39;</span> <span class='ocrx_word' id='word_1_97' title='bbox 2000 1664 2207 1724; x_wconf 88' lang='lat' dir='ltr'>decre·</span> 
     </span>
     <span class='ocr_line' id='line_1_13' title="bbox 294 1766 531 1819; baseline 0 0"><span class='ocrx_word' id='word_1_98' title='bbox 294 1766 531 1819; x_wconf 77' lang='lat' dir='ltr'>verunt.</span> 
     </span>
    </p>

    <p class='ocr_par' dir='ltr' id='par_1_3' title="bbox 288 1854 2208 2617">
     <span class='ocr_line' id='line_1_14' title="bbox 372 1854 2208 1939; baseline 0.001 -24"><span class='ocrx_word' id='word_1_99' title='bbox 372 1862 474 1918; x_wconf 83' lang='grc'>87.</span> <span class='ocrx_word' id='word_1_100' title='bbox 521 1854 687 1915; x_wconf 83' lang='lat' dir='ltr'>Haec</span> <span class='ocrx_word' id='word_1_101' title='bbox 729 1874 865 1917; x_wconf 86' lang='lat' dir='ltr'>cum</span> <span class='ocrx_word' id='word_1_102' title='bbox 890 1857 998 1917; x_wconf 77' lang='lat' dir='ltr'>vix</span> <span class='ocrx_word' id='word_1_103' title='bbox 1036 1865 1175 1919; x_wconf 89' lang='lat' dir='ltr'>acta</span> <span class='ocrx_word' id='word_1_104' title='bbox 1206 1856 1389 1937; x_wconf 86' lang='lat' dir='ltr'>prius,</span> <span class='ocrx_word' id='word_1_105' title='bbox 1416 1876 1595 1937; x_wconf 91' lang='lat' dir='ltr'>quam</span> <span class='ocrx_word' id='word_1_106' title='bbox 1624 1858 1894 1917; x_wconf 89' lang='lat' dir='ltr'>nuntiata</span> <span class='ocrx_word' id='word_1_107' title='bbox 1931 1858 1992 1917; x_wconf 91' lang='lat' dir='ltr'>in</span> <span class='ocrx_word' id='word_1_108' title='bbox 2021 1856 2208 1939; x_wconf 85' lang='lat' dir='ltr'>Capi-</span> 
     </span>
     <span class='ocr_line' id='line_1_15' title="bbox 288 1950 2207 2034; baseline 0.002 -23"><span class='ocrx_word' id='word_1_109' title='bbox 288 1950 499 2011; x_wconf 89' lang='lat' dir='ltr'>tolium</span> <span class='ocrx_word' id='word_1_110' title='bbox 544 1961 763 2023; x_wconf 87' lang='lat' dir='ltr'>essent,</span> <span class='ocrx_word' id='word_1_111' title='bbox 808 1953 1032 2013; x_wconf 88' lang='lat' dir='ltr'>Brutus</span> <span class='ocrx_word' id='word_1_112' title='bbox 1072 1964 1134 2013; x_wconf 91' lang='lat' dir='ltr'>et</span> <span class='ocrx_word' id='word_1_113' title='bbox 1174 1953 1420 2014; x_wconf 76' lang='lat' dir='ltr'>Cussius</span> <span class='ocrx_word' id='word_1_114' title='bbox 1472 1973 1575 2034; x_wconf 91' lang='lat' dir='ltr'>per</span> <span class='ocrx_word' id='word_1_115' title='bbox 1615 1954 2002 2013; x_wconf 81' lang='lat' dir='ltr'>internuntios</span> <span class='ocrx_word' id='word_1_116' title='bbox 2039 1957 2207 2014; x_wconf 86' lang='lat' dir='ltr'>exci-</span> 
     </span>
     <span class='ocr_line' id='line_1_16' title="bbox 288 2048 2207 2137; baseline 0.001 -30"><span class='ocrx_word' id='word_1_117' title='bbox 288 2056 495 2109; x_wconf 85' lang='lat' dir='ltr'>tarunt</span> <span class='ocrx_word' id='word_1_118' title='bbox 538 2048 813 2130; x_wconf 86' lang='lat' dir='ltr'>plebem:</span> <span class='ocrx_word' id='word_1_119' title='bbox 856 2050 1176 2131; x_wconf 88' lang='lat' dir='ltr'>multisque</span> <span class='ocrx_word' id='word_1_120' title='bbox 1208 2071 1282 2111; x_wconf 91' lang='lat' dir='ltr'>eo</span> <span class='ocrx_word' id='word_1_121' title='bbox 1318 2051 1830 2121; x_wconf 89' lang='lat' dir='ltr'>concurrentibus,</span> <span class='ocrx_word' id='word_1_122' title='bbox 1866 2052 2207 2137; x_wconf 79' lang='lat' dir='ltr'>concionari</span> 
     </span>
     <span class='ocr_line' id='line_1_17' title="bbox 292 2144 2208 2229; baseline 0.001 -24"><span class='ocrx_word' id='word_1_123' title='bbox 292 2144 521 2206; x_wconf 87' lang='lat' dir='ltr'>Brutus</span> <span class='ocrx_word' id='word_1_124' title='bbox 554 2146 616 2206; x_wconf 91' lang='lat' dir='ltr'>in</span> <span class='ocrx_word' id='word_1_125' title='bbox 662 2148 818 2208; x_wconf 84' lang='lat' dir='ltr'>hanc</span> <span class='ocrx_word' id='word_1_126' title='bbox 856 2148 1209 2209; x_wconf 86' lang='lat' dir='ltr'>sententiam</span> <span class='ocrx_word' id='word_1_127' title='bbox 1240 2149 1461 2229; x_wconf 86' lang='lat' dir='ltr'>coepit:</span> <span class='ocrx_word' id='word_1_128' title='bbox 1516 2157 1535 2185; x_wconf 84' lang='lat'>‘</span> <span class='ocrx_word' id='word_1_129' title='bbox 1566 2148 1695 2215; x_wconf 85' lang='lat' dir='ltr'>Qui</span> <span class='ocrx_word' id='word_1_130' title='bbox 1737 2150 2040 2209; x_wconf 83' lang='lat' dir='ltr'>vobiscum</span> <span class='ocrx_word' id='word_1_131' title='bbox 2081 2148 2208 2208; x_wconf 86' lang='lat' dir='ltr'>heri</span> 
     </span>
     <span class='ocr_line' id='line_1_18' title="bbox 288 2242 2207 2324; baseline 0.002 -24"><span class='ocrx_word' id='word_1_132' title='bbox 288 2243 353 2301; x_wconf 87' lang='lat' dir='ltr'>in</span> <span class='ocrx_word' id='word_1_133' title='bbox 380 2242 511 2303; x_wconf 86' lang='lat' dir='ltr'>foro</span> <span class='ocrx_word' id='word_1_134' title='bbox 536 2244 782 2323; x_wconf 80' lang='lat' dir='ltr'>egimus,</span> <span class='ocrx_word' id='word_1_135' title='bbox 806 2245 1093 2317; x_wconf 79' lang='lat' dir='ltr'>Quirites,</span> <span class='ocrx_word' id='word_1_136' title='bbox 1116 2244 1299 2305; x_wconf 88' lang='lat' dir='ltr'>iidem</span> <span class='ocrx_word' id='word_1_137' title='bbox 1325 2266 1481 2305; x_wconf 88' lang='lat' dir='ltr'>nuuc</span> <span class='ocrx_word' id='word_1_138' title='bbox 1506 2246 1620 2305; x_wconf 90' lang='lat' dir='ltr'>hoc</span> <span class='ocrx_word' id='word_1_139' title='bbox 1648 2246 1879 2324; x_wconf 85' lang='lat' dir='ltr'>agimus</span> <span class='ocrx_word' id='word_1_140' title='bbox 1902 2246 2060 2315; x_wconf 91' lang='lat' dir='ltr'>loc0,</span> <span class='ocrx_word' id='word_1_141' title='bbox 2089 2266 2207 2305; x_wconf 91' lang='lat' dir='ltr'>non</span> 
     </span>
     <span class='ocr_line' id='line_1_19' title="bbox 288 2340 2204 2424; baseline 0.002 -26"><span class='ocrx_word' id='word_1_142' title='bbox 288 2347 575 2420; x_wconf 83' lang='lat' dir='ltr'>tanquam</span> <span class='ocrx_word' id='word_1_143' title='bbox 606 2340 683 2401; x_wconf 87' lang='lat' dir='ltr'>ad</span> <span class='ocrx_word' id='word_1_144' title='bbox 710 2341 943 2423; x_wconf 85' lang='lat' dir='ltr'>asylum</span> <span class='ocrx_word' id='word_1_145' title='bbox 968 2341 1394 2421; x_wconf 83' lang='lat' dir='ltr'>confugientes,</span> <span class='ocrx_word' id='word_1_146' title='bbox 1422 2343 1569 2402; x_wconf 89' lang='lat' dir='ltr'>nihil</span> <span class='ocrx_word' id='word_1_147' title='bbox 1598 2344 1754 2402; x_wconf 88' lang='lat' dir='ltr'>enim</span> <span class='ocrx_word' id='word_1_148' title='bbox 1793 2343 2204 2424; x_wconf 84' lang='lat' dir='ltr'>peccavimus;</span> 
     </span>
     <span class='ocr_line' id='line_1_20' title="bbox 290 2437 2208 2519; baseline 0.002 -26"><span class='ocrx_word' id='word_1_149' title='bbox 290 2454 485 2515; x_wconf 89' lang='lat' dir='ltr'>neque</span> <span class='ocrx_word' id='word_1_150' title='bbox 511 2445 797 2517; x_wconf 88' lang='lat' dir='ltr'>tanquam</span> <span class='ocrx_word' id='word_1_151' title='bbox 824 2437 903 2499; x_wconf 90' lang='lat' dir='ltr'>ad</span> <span class='ocrx_word' id='word_1_152' title='bbox 931 2458 1150 2510; x_wconf 79' lang='lat' dir='ltr'>arcem,</span> <span class='ocrx_word' id='word_1_153' title='bbox 1179 2440 1281 2519; x_wconf 88' lang='lat' dir='ltr'>qui</span> <span class='ocrx_word' id='word_1_154' title='bbox 1322 2460 1429 2500; x_wconf 89' lang='lat' dir='ltr'>nos</span> <span class='ocrx_word' id='word_1_155' title='bbox 1468 2445 1786 2519; x_wconf 81' lang='lat' dir='ltr'>nostraque</span> <span class='ocrx_word' id='word_1_156' title='bbox 1811 2440 2012 2499; x_wconf 86' lang='lat' dir='ltr'>omnia</span> <span class='ocrx_word' id='word_1_157' title='bbox 2035 2440 2208 2499; x_wconf 85' lang='lat' dir='ltr'>vobis</span> 
     </span>
     <span class='ocr_line' id='line_1_21' title="bbox 288 2532 2205 2617; baseline 0.002 -26"><span class='ocrx_word' id='word_1_158' title='bbox 288 2532 631 2613; x_wconf 86' lang='lat' dir='ltr'>permittere</span> <span class='ocrx_word' id='word_1_159' title='bbox 658 2554 775 2595; x_wconf 89' lang='lat' dir='ltr'>nou</span> <span class='ocrx_word' id='word_1_160' title='bbox 802 2554 1177 2605; x_wconf 80' lang='lat' dir='ltr'>recusamus3</span> <span class='ocrx_word' id='word_1_161' title='bbox 1222 2535 1327 2595; x_wconf 90' lang='lat' dir='ltr'>sed</span> <span class='ocrx_word' id='word_1_162' title='bbox 1376 2535 1639 2617; x_wconf 88' lang='lat' dir='ltr'>periculo</span> <span class='ocrx_word' id='word_1_163' title='bbox 1684 2534 1953 2596; x_wconf 88' lang='lat' dir='ltr'>Cornelii</span> <span class='ocrx_word' id='word_1_164' title='bbox 1991 2534 2205 2596; x_wconf 84' lang='lat' dir='ltr'>Cinnae</span> 
     </span>
    </p>
   </div>
   <div class='ocr_carea' id='block_1_3' title="bbox 288 2628 2328 2713">
    <p class='ocr_par' dir='ltr' id='par_1_4' title="bbox 288 2628 2328 2713">
     <span class='ocr_line' id='line_1_22' title="bbox 288 2628 2328 2713; baseline 0.002 -26"><span class='ocrx_word' id='word_1_165' title='bbox 288 2628 525 2701; x_wconf 86' lang='lat' dir='ltr'>moniti,</span> <span class='ocrx_word' id='word_1_166' title='bbox 562 2650 741 2711; x_wconf 88' lang='lat' dir='ltr'>quem</span> <span class='ocrx_word' id='word_1_167' title='bbox 779 2632 1035 2693; x_wconf 85' lang='lat' dir='ltr'>audacia</span> <span class='ocrx_word' id='word_1_168' title='bbox 1072 2631 1491 2693; x_wconf 89' lang='lat' dir='ltr'>nonnullorum</span> <span class='ocrx_word' id='word_1_169' title='bbox 1524 2634 1844 2713; x_wconf 84' lang='lat' dir='ltr'>improviso</span> <span class='ocrx_word' id='word_1_170' title='bbox 1880 2631 2206 2713; x_wconf 90' lang='lat' dir='ltr'>eodemque</span> <span class='ocrx_word' id='word_1_171' title='bbox 2319 2658 2328 2667; x_wconf 92' lang='lat'><strong>·</strong></span> 
     </span>
    </p>
   </div>
   <div class='ocr_carea' id='block_1_4' title="bbox 284 2726 2212 4462">
    <p class='ocr_par' dir='ltr' id='par_1_5' title="bbox 289 2726 2210 3291">
     <span class='ocr_line' id='line_1_23' title="bbox 289 2726 2206 2810; baseline 0.003 -25"><span class='ocrx_word' id='word_1_172' title='bbox 289 2726 537 2806; x_wconf 80' lang='lat' dir='ltr'>indigno</span> <span class='ocrx_word' id='word_1_173' title='bbox 562 2748 705 2789; x_wconf 88' lang='lat' dir='ltr'>casu</span> <span class='ocrx_word' id='word_1_174' title='bbox 731 2749 899 2810; x_wconf 86' lang='lat' dir='ltr'>paene</span> <span class='ocrx_word' id='word_1_175' title='bbox 928 2730 1271 2791; x_wconf 87' lang='lat' dir='ltr'>consumsit.</span> <span class='ocrx_word' id='word_1_176' title='bbox 1354 2729 1658 2791; x_wconf 88' lang='lat' dir='ltr'>Audimus</span> <span class='ocrx_word' id='word_1_177' title='bbox 1683 2738 1880 2790; x_wconf 86' lang='lat' dir='ltr'>autem</span> <span class='ocrx_word' id='word_1_178' title='bbox 1906 2750 2031 2789; x_wconf 88' lang='lat' dir='ltr'>esse</span> <span class='ocrx_word' id='word_1_179' title='bbox 2056 2750 2206 2810; x_wconf 90' lang='lat' dir='ltr'>quo·</span> 
     </span>
     <span class='ocr_line' id='line_1_24' title="bbox 290 2825 2210 2909; baseline 0.002 -28"><span class='ocrx_word' id='word_1_180' title='bbox 290 2842 421 2883; x_wconf 91' lang='lat' dir='ltr'>rum</span> <span class='ocrx_word' id='word_1_181' title='bbox 463 2825 713 2885; x_wconf 79' lang='lat' dir='ltr'>vocibus</span> <span class='ocrx_word' id='word_1_182' title='bbox 746 2836 809 2886; x_wconf 91' lang='lat' dir='ltr'>et</span> <span class='ocrx_word' id='word_1_183' title='bbox 854 2843 1119 2887; x_wconf 82' lang='lat' dir='ltr'>sermone</span> <span class='ocrx_word' id='word_1_184' title='bbox 1159 2848 1267 2909; x_wconf 91' lang='lat' dir='ltr'>pro</span> <span class='ocrx_word' id='word_1_185' title='bbox 1305 2828 1553 2908; x_wconf 85' lang='lat' dir='ltr'>perjuris</span> <span class='ocrx_word' id='word_1_186' title='bbox 1589 2835 1770 2907; x_wconf 80' lang='lat' dir='ltr'>atque</span> <span class='ocrx_word' id='word_1_187' title='bbox 1807 2826 2210 2887; x_wconf 85' lang='lat' dir='ltr'>turbatoribus</span> 
     </span>
     <span class='ocr_line' id='line_1_25' title="bbox 290 2920 2210 3002; baseline 0.002 -23"><span class='ocrx_word' id='word_1_188' title='bbox 290 2921 461 3000; x_wconf 87' lang='lat' dir='ltr'>pacis</span> <span class='ocrx_word' id='word_1_189' title='bbox 506 2920 915 2983; x_wconf 86' lang='lat' dir='ltr'>traducamur:</span> <span class='ocrx_word' id='word_1_190' title='bbox 960 2942 1151 3002; x_wconf 89' lang='lat' dir='ltr'>eoque</span> <span class='ocrx_word' id='word_1_191' title='bbox 1199 2944 1308 2984; x_wconf 85' lang='lat' dir='ltr'>vos</span> <span class='ocrx_word' id='word_1_192' title='bbox 1357 2924 1705 2994; x_wconf 88' lang='lat' dir='ltr'>accivimus,</span> <span class='ocrx_word' id='word_1_193' title='bbox 1747 2942 1950 2983; x_wconf 85' lang='lat' dir='ltr'>coram</span> <span class='ocrx_word' id='word_1_194' title='bbox 1994 2923 2210 3002; x_wconf 91' lang='lat' dir='ltr'>quibus</span> 
     </span>
     <span class='ocr_line' id='line_1_26' title="bbox 292 3018 2208 3099; baseline 0.003 -24"><span class='ocrx_word' id='word_1_195' title='bbox 292 3035 401 3076; x_wconf 87' lang='lat' dir='ltr'>nos</span> <span class='ocrx_word' id='word_1_196' title='bbox 445 3037 849 3097; x_wconf 82' lang='lat' dir='ltr'>purgaremus,</span> <span class='ocrx_word' id='word_1_197' title='bbox 897 3018 1395 3099; x_wconf 87' lang='lat' dir='ltr'>quemadmodum</span> <span class='ocrx_word' id='word_1_198' title='bbox 1442 3019 1614 3080; x_wconf 83' lang='lat' dir='ltr'>salva</span> <span class='ocrx_word' id='word_1_199' title='bbox 1657 3019 1955 3090; x_wconf 87' lang='lat' dir='ltr'>libertate,</span> <span class='ocrx_word' id='word_1_200' title='bbox 1997 3020 2074 3079; x_wconf 89' lang='lat' dir='ltr'>de</span> <span class='ocrx_word' id='word_1_201' title='bbox 2109 3040 2208 3080; x_wconf 89' lang='lat' dir='ltr'>ce-</span> 
     </span>
     <span class='ocr_line' id='line_1_27' title="bbox 290 3115 2207 3198; baseline 0.002 -24"><span class='ocrx_word' id='word_1_202' title='bbox 290 3115 433 3174; x_wconf 86' lang='lat' dir='ltr'>teris</span> <span class='ocrx_word' id='word_1_203' title='bbox 477 3116 683 3187; x_wconf 89' lang='lat' dir='ltr'>etiam,</span> <span class='ocrx_word' id='word_1_204' title='bbox 720 3136 857 3198; x_wconf 79' lang='lat' dir='ltr'>quae</span> <span class='ocrx_word' id='word_1_205' title='bbox 904 3116 983 3177; x_wconf 90' lang='lat' dir='ltr'>ad</span> <span class='ocrx_word' id='word_1_206' title='bbox 1027 3116 1458 3197; x_wconf 85' lang='lat' dir='ltr'>rempublicam</span> <span class='ocrx_word' id='word_1_207' title='bbox 1504 3118 1860 3197; x_wconf 86' lang='lat' dir='ltr'>pertineant,</span> <span class='ocrx_word' id='word_1_208' title='bbox 1901 3117 2207 3177; x_wconf 81' lang='lat' dir='ltr'>vobiscum</span> 
     </span>
     <span class='ocr_line' id='line_1_28' title="bbox 295 3213 671 3291; baseline 0.005 -20"><span class='ocrx_word' id='word_1_209' title='bbox 295 3213 393 3291; x_wconf 77' lang='lat' dir='ltr'>agi</span> <span class='ocrx_word' id='word_1_210' title='bbox 426 3213 530 3291; x_wconf 86' lang='lat' dir='ltr'>jus</span> <span class='ocrx_word' id='word_1_211' title='bbox 561 3222 671 3273; x_wconf 89' lang='lat' dir='ltr'>est.</span> 
     </span>
    </p>

    <p class='ocr_par' dir='ltr' id='par_1_6' title="bbox 284 3309 2212 4462">
     <span class='ocr_line' id='line_1_29' title="bbox 372 3309 2208 3391; baseline 0.001 -21"><span class='ocrx_word' id='word_1_212' title='bbox 372 3316 477 3370; x_wconf 87' lang='grc'>88.</span> <span class='ocrx_word' id='word_1_213' title='bbox 522 3320 539 3346; x_wconf 85' lang='lat'>‘</span> <span class='ocrx_word' id='word_1_214' title='bbox 572 3310 711 3371; x_wconf 89' lang='lat' dir='ltr'>Nos</span> <span class='ocrx_word' id='word_1_215' title='bbox 734 3310 1011 3391; x_wconf 87' lang='lat' dir='ltr'>equidem</span> <span class='ocrx_word' id='word_1_216' title='bbox 1040 3310 1117 3371; x_wconf 84' lang='lat' dir='ltr'>C.</span> <span class='ocrx_word' id='word_1_217' title='bbox 1138 3309 1392 3381; x_wconf 85' lang='lat' dir='ltr'>Caesari,</span> <span class='ocrx_word' id='word_1_218' title='bbox 1418 3330 1553 3371; x_wconf 90' lang='lat' dir='ltr'>cum</span> <span class='ocrx_word' id='word_1_219' title='bbox 1584 3332 1619 3371; x_wconf 91' lang='lat' dir='ltr'>e</span> <span class='ocrx_word' id='word_1_220' title='bbox 1645 3310 1856 3371; x_wconf 81' lang='lat' dir='ltr'>Gallia</span> <span class='ocrx_word' id='word_1_221' title='bbox 1881 3314 2208 3372; x_wconf 86' lang='lat' dir='ltr'>exercitum</span> 
     </span>
     <span class='ocr_line' id='line_1_30' title="bbox 294 3408 2211 3489; baseline 0.001 -21"><span class='ocrx_word' id='word_1_222' title='bbox 294 3416 503 3468; x_wconf 82' lang='lat' dir='ltr'>contra</span> <span class='ocrx_word' id='word_1_223' title='bbox 554 3408 984 3489; x_wconf 87' lang='lat' dir='ltr'>rempublicam</span> <span class='ocrx_word' id='word_1_224' title='bbox 1028 3408 1350 3481; x_wconf 87' lang='lat' dir='ltr'>eduxisset,</span> <span class='ocrx_word' id='word_1_225' title='bbox 1395 3429 1586 3489; x_wconf 91' lang='lat' dir='ltr'>eoque</span> <span class='ocrx_word' id='word_1_226' title='bbox 1632 3408 1794 3469; x_wconf 90' lang='lat' dir='ltr'>bello</span> <span class='ocrx_word' id='word_1_227' title='bbox 1845 3409 2211 3469; x_wconf 87' lang='lat' dir='ltr'>defensorem</span> 
     </span>
     <span class='ocr_line' id='line_1_31' title="bbox 294 3505 2208 3588; baseline 0 -23"><span class='ocrx_word' id='word_1_228' title='bbox 294 3506 589 3566; x_wconf 67' lang='lat' dir='ltr'>libertatis</span> <span class='ocrx_word' id='word_1_229' title='bbox 616 3505 731 3566; x_wconf 87' lang='lat' dir='ltr'>Cn.</span> <span class='ocrx_word' id='word_1_230' title='bbox 760 3506 1145 3587; x_wconf 88' lang='lat' dir='ltr'>Pompeium,</span> <span class='ocrx_word' id='word_1_231' title='bbox 1174 3506 1508 3586; x_wconf 89' lang='lat' dir='ltr'>multosque</span> <span class='ocrx_word' id='word_1_232' title='bbox 1544 3506 1762 3568; x_wconf 89' lang='lat' dir='ltr'>deinde</span> <span class='ocrx_word' id='word_1_233' title='bbox 1803 3509 2208 3588; x_wconf 85' lang='lat' dir='ltr'>praestantissi-</span> 
     </span>
     <span class='ocr_line' id='line_1_32' title="bbox 294 3601 2212 3685; baseline 0 -21"><span class='ocrx_word' id='word_1_234' title='bbox 294 3626 425 3664; x_wconf 88' lang='lat' dir='ltr'>mos</span> <span class='ocrx_word' id='word_1_235' title='bbox 464 3604 625 3665; x_wconf 81' lang='lat' dir='ltr'>viros</span> <span class='ocrx_word' id='word_1_236' title='bbox 662 3604 723 3663; x_wconf 88' lang='lat' dir='ltr'>in</span> <span class='ocrx_word' id='word_1_237' title='bbox 763 3601 983 3665; x_wconf 86' lang='lat' dir='ltr'>Africa</span> <span class='ocrx_word' id='word_1_238' title='bbox 1030 3604 1447 3685; x_wconf 89' lang='lat' dir='ltr'>Hispaniaque</span> <span class='ocrx_word' id='word_1_239' title='bbox 1488 3605 1839 3677; x_wconf 85' lang='lat' dir='ltr'>sustulisset,</span> <span class='ocrx_word' id='word_1_240' title='bbox 1879 3625 2070 3684; x_wconf 91' lang='lat' dir='ltr'>eoque</span> <span class='ocrx_word' id='word_1_241' title='bbox 2111 3625 2212 3664; x_wconf 92' lang='lat' dir='ltr'>no-</span> 
     </span>
     <span class='ocr_line' id='line_1_33' title="bbox 296 3700 2209 3782; baseline 0.001 -22"><span class='ocrx_word' id='word_1_242' title='bbox 296 3702 455 3761; x_wconf 89' lang='lat' dir='ltr'>mine</span> <span class='ocrx_word' id='word_1_243' title='bbox 502 3721 610 3761; x_wconf 89' lang='lat' dir='ltr'>suo</span> <span class='ocrx_word' id='word_1_244' title='bbox 662 3702 847 3782; x_wconf 86' lang='lat' dir='ltr'>capiti</span> <span class='ocrx_word' id='word_1_245' title='bbox 900 3720 1018 3761; x_wconf 89' lang='lat' dir='ltr'>non</span> <span class='ocrx_word' id='word_1_246' title='bbox 1066 3702 1191 3761; x_wconf 91' lang='lat' dir='ltr'>sine</span> <span class='ocrx_word' id='word_1_247' title='bbox 1237 3722 1421 3761; x_wconf 86' lang='lat' dir='ltr'>causa</span> <span class='ocrx_word' id='word_1_248' title='bbox 1470 3709 1782 3773; x_wconf 87' lang='lat' dir='ltr'>metueret,</span> <span class='ocrx_word' id='word_1_249' title='bbox 1829 3700 2008 3759; x_wconf 86' lang='lat' dir='ltr'>fidem</span> <span class='ocrx_word' id='word_1_250' title='bbox 2040 3703 2209 3779; x_wconf 88' lang='lat' dir='ltr'>jure·</span> 
     </span>
     <span class='ocr_line' id='line_1_34' title="bbox 284 3796 2208 3879; baseline 0 -23"><span class='ocrx_word' id='word_1_251' title='bbox 284 3796 551 3876; x_wconf 83' lang='lat' dir='ltr'>jurando</span> <span class='ocrx_word' id='word_1_252' title='bbox 576 3796 868 3869; x_wconf 87' lang='lat' dir='ltr'>dedimus,</span> <span class='ocrx_word' id='word_1_253' title='bbox 915 3817 1031 3858; x_wconf 90' lang='lat' dir='ltr'>uon</span> <span class='ocrx_word' id='word_1_254' title='bbox 1070 3798 1195 3859; x_wconf 85' lang='lat' dir='ltr'>fore</span> <span class='ocrx_word' id='word_1_255' title='bbox 1239 3800 1666 3879; x_wconf 81' lang='lat' dir='ltr'>praeteritarum</span> <span class='ocrx_word' id='word_1_256' title='bbox 1703 3798 2044 3877; x_wconf 84' lang='lat' dir='ltr'>injuriarum</span> <span class='ocrx_word' id='word_1_257' title='bbox 2088 3817 2208 3857; x_wconf 92' lang='lat' dir='ltr'>me-</span> 
     </span>
     <span class='ocr_line' id='line_1_35' title="bbox 294 3892 2208 3976; baseline -0.001 -22"><span class='ocrx_word' id='word_1_258' title='bbox 294 3914 508 3955; x_wconf 87' lang='lat' dir='ltr'>mores.</span> <span class='ocrx_word' id='word_1_259' title='bbox 594 3892 671 3953; x_wconf 89' lang='lat' dir='ltr'>In</span> <span class='ocrx_word' id='word_1_260' title='bbox 696 3894 960 3955; x_wconf 86' lang='lat' dir='ltr'>futurum</span> <span class='ocrx_word' id='word_1_261' title='bbox 984 3915 1159 3955; x_wconf 90' lang='lat' dir='ltr'>omne</span> <span class='ocrx_word' id='word_1_262' title='bbox 1188 3904 1423 3976; x_wconf 89' lang='lat' dir='ltr'>tempus</span> <span class='ocrx_word' id='word_1_263' title='bbox 1459 3896 1796 3965; x_wconf 77' lang='lat' dir='ltr'>servituros,</span> <span class='ocrx_word' id='word_1_264' title='bbox 1824 3914 2016 3973; x_wconf 84' lang='lat' dir='ltr'>neque</span> <span class='ocrx_word' id='word_1_265' title='bbox 2041 3892 2208 3954; x_wconf 91' lang='lat' dir='ltr'>dedi-</span> 
     </span>
     <span class='ocr_line' id='line_1_36' title="bbox 297 3988 2209 4071; baseline 0 -20"><span class='ocrx_word' id='word_1_266' title='bbox 297 4010 428 4051; x_wconf 88' lang='lat' dir='ltr'>mus</span> <span class='ocrx_word' id='word_1_267' title='bbox 453 3988 635 4051; x_wconf 87' lang='lat' dir='ltr'>fidem</span> <span class='ocrx_word' id='word_1_268' title='bbox 652 4012 670 4062; x_wconf 87' lang='lat'>;</span> <span class='ocrx_word' id='word_1_269' title='bbox 716 4010 932 4071; x_wconf 89' lang='lat' dir='ltr'>neque,</span> <span class='ocrx_word' id='word_1_270' title='bbox 966 3992 1015 4051; x_wconf 90' lang='lat' dir='ltr'>si</span> <span class='ocrx_word' id='word_1_271' title='bbox 1040 3992 1353 4070; x_wconf 82' lang='lat' dir='ltr'>exegisset,</span> <span class='ocrx_word' id='word_1_272' title='bbox 1380 3990 1762 4051; x_wconf 87' lang='lat' dir='ltr'>dedissemus.</span> <span class='ocrx_word' id='word_1_273' title='bbox 1847 3991 2004 4057; x_wconf 84' lang='lat' dir='ltr'>Quis</span> <span class='ocrx_word' id='word_1_274' title='bbox 2028 3991 2209 4064; x_wconf 90' lang='lat' dir='ltr'>enim,</span> 
     </span>
     <span class='ocr_line' id='line_1_37' title="bbox 298 4086 2210 4169; baseline 0 -21"><span class='ocrx_word' id='word_1_275' title='bbox 298 4090 401 4169; x_wconf 91' lang='lat' dir='ltr'>qui</span> <span class='ocrx_word' id='word_1_276' title='bbox 442 4109 579 4149; x_wconf 84' lang='lat' dir='ltr'>vere</span> <span class='ocrx_word' id='word_1_277' title='bbox 617 4087 859 4169; x_wconf 91' lang='lat' dir='ltr'>quidem</span> <span class='ocrx_word' id='word_1_278' title='bbox 893 4090 973 4148; x_wconf 87' lang='lat' dir='ltr'>sit</span> <span class='ocrx_word' id='word_1_279' title='bbox 998 4088 1264 4150; x_wconf 89' lang='lat' dir='ltr'>Romani</span> <span class='ocrx_word' id='word_1_280' title='bbox 1299 4088 1626 4168; x_wconf 85' lang='lat' dir='ltr'>sanguinis,</span> <span class='ocrx_word' id='word_1_281' title='bbox 1662 4108 1778 4148; x_wconf 89' lang='lat' dir='ltr'>non</span> <span class='ocrx_word' id='word_1_282' title='bbox 1805 4089 1976 4159; x_wconf 88' lang='lat' dir='ltr'>mori,</span> <span class='ocrx_word' id='word_1_283' title='bbox 2005 4089 2054 4147; x_wconf 90' lang='lat' dir='ltr'>si</span> <span class='ocrx_word' id='word_1_284' title='bbox 2080 4086 2210 4148; x_wconf 84' lang='lat' dir='ltr'>fieri</span> 
     </span>
     <span class='ocr_line' id='line_1_38' title="bbox 298 4184 2208 4266; baseline -0.001 -21"><span class='ocrx_word' id='word_1_285' title='bbox 298 4196 519 4266; x_wconf 84' lang='lat' dir='ltr'>posset,</span> <span class='ocrx_word' id='word_1_286' title='bbox 554 4185 771 4246; x_wconf 86' lang='lat' dir='ltr'>millies</span> <span class='ocrx_word' id='word_1_287' title='bbox 812 4185 1025 4245; x_wconf 73' lang='lat' dir='ltr'>malit?</span> <span class='ocrx_word' id='word_1_288' title='bbox 1109 4186 1429 4246; x_wconf 85' lang='lat' dir='ltr'>Hactenus</span> <span class='ocrx_word' id='word_1_289' title='bbox 1468 4186 1645 4264; x_wconf 84' lang='lat' dir='ltr'>igitur</span> <span class='ocrx_word' id='word_1_290' title='bbox 1687 4184 1934 4263; x_wconf 85' lang='lat' dir='ltr'>obligati</span> <span class='ocrx_word' id='word_1_291' title='bbox 1982 4184 2208 4244; x_wconf 82' lang='lat' dir='ltr'>Caesari</span> 
     </span>
     <span class='ocr_line' id='line_1_39' title="bbox 298 4282 2210 4364; baseline -0.002 -21"><span class='ocrx_word' id='word_1_292' title='bbox 298 4284 533 4344; x_wconf 86' lang='lat' dir='ltr'>fuimus.</span> <span class='ocrx_word' id='word_1_293' title='bbox 642 4282 881 4344; x_wconf 79' lang='lat' dir='ltr'>Idcirco</span> <span class='ocrx_word' id='word_1_294' title='bbox 932 4282 1225 4364; x_wconf 86' lang='lat' dir='ltr'>siquidem</span> <span class='ocrx_word' id='word_1_295' title='bbox 1280 4282 1485 4343; x_wconf 51' lang='grc' dir='ltr'>(Σκαι-</span> <span class='ocrx_word' id='word_1_296' title='bbox 1537 4293 1748 4363; x_wconf 87' lang='lat' dir='ltr'>postea</span> <span class='ocrx_word' id='word_1_297' title='bbox 1803 4282 1948 4341; x_wconf 88' lang='lat' dir='ltr'>nihil</span> <span class='ocrx_word' id='word_1_298' title='bbox 2002 4290 2210 4341; x_wconf 87' lang='lat' dir='ltr'>contra</span> 
     </span>
     <span class='ocr_line' id='line_1_40' title="bbox 298 4368 2208 4462; baseline -0.001 -20"><span class='ocrx_word' id='word_1_299' title='bbox 298 4368 635 4443; x_wconf 74' lang='lat' dir='ltr'>libertatem</span> <span class='ocrx_word' id='word_1_300' title='bbox 676 4390 936 4444; x_wconf 86' lang='lat' dir='ltr'>nostram</span> <span class='ocrx_word' id='word_1_301' title='bbox 981 4379 1223 4442; x_wconf 89' lang='lat' dir='ltr'>molitus</span> <span class='ocrx_word' id='word_1_302' title='bbox 1264 4389 1377 4454; x_wconf 85' lang='lat' dir='ltr'>est,</span> <span class='ocrx_word' id='word_1_303' title='bbox 1420 4381 1835 4462; x_wconf 77' lang='lat' dir='ltr'>peJeravimus.</span> <span class='ocrx_word' id='word_1_304' title='bbox 1920 4378 2028 4440; x_wconf 87' lang='lat' dir='ltr'>Sin</span> <span class='ocrx_word' id='word_1_305' title='bbox 2069 4400 2208 4441; x_wconf 81' lang='lat' dir='ltr'>vero</span> 
     </span>
    </p>
   </div>
   <div class='ocr_carea' id='block_1_5' title="bbox 2357 528 2540 595">
    <p class='ocr_par' dir='ltr' id='par_1_7' title="bbox 2357 528 2540 595">
     <span class='ocr_line' id='line_1_41' title="bbox 2357 528 2540 595; baseline -0.011 0"><span class='ocrx_word' id='word_1_306' title='bbox 2357 528 2540 595; x_wconf 80' lang='lat'>5:367</span> 
     </span>
    </p>
   </div>
  </div>
 </body>
</html>
