3300 5234
707 508 890 576 4990.
1690 529 1760 579 τ.
1808 528 2001 577 mvn

1041 684 1344 767 Caepionis
1373 708 1510 748 cum
1548 687 1788 749 Caesare
1824 689 2042 749 habere
2080 686 2565 773 consuetudinem
2601 690 2943 770 putabatur.

1041 783 1389 844 Ciceronem
1407 804 1534 845 -nou
1563 787 1907 857 nominavit,
1935 785 2041 847 sed
2078 778 2257 858 dixit,
2300 794 2317 823 ‘
2344 784 2735 846 Consularem
2758 786 2947 847 diser-

961 926 968 933 .
995 944 1002 949 ,
1039 889 1189 951 tum,
1211 881 1469 941 vicinum
1491 882 1745 953 consuli,
1782 883 1897 943 sibi
1921 883 2164 956 dixisse,
2193 882 2461 943 Ahalam
2489 881 2807 944 Servilium
2830 882 2945 943 ali-

1041 998 1242 1060 quem,
1283 990 1390 1041 aut
1433 981 1615 1041 etiam
1660 980 1916 1042 Brutum
1958 1002 2106 1062 opus
2152 1002 2279 1042 esse
2320 982 2623 1063 opperiri?
2704 980 2946 1042 Deinde

1039 1095 1176 1135 cum
1189 1078 1325 1156 jam
1363 1075 1765 1137 descendisset
1787 1078 1865 1139 de
1901 1078 2123 1149 rostris,
2159 1077 2491 1139 collocutus
2531 1097 2669 1138 cum
2710 1098 2783 1137 eo
2810 1075 2944 1137 Va·

1037 1174 1238 1245 tinius,
1267 1176 1589 1246 revocavit,
1615 1176 2135 1256 interrogavitque,
2162 1184 2181 1212 ‘
2200 1196 2555 1255 ecquosnam
2576 1174 2727 1235 alios
2752 1184 2951 1257 posset

1041 1272 1382 1331 nominare?
1404 1272 1420 1297 ’
1483 1270 1640 1332 Tum
1665 1270 1769 1332 ille
1796 1272 1873 1332 C.
1903 1273 2189 1333 Pisonem
2227 1294 2503 1353 generum
2532 1273 2858 1344 Ciceronis,
2885 1282 2951 1332 et

1045 1366 1139 1428 M.
1173 1368 1552 1429 Laterensem
1576 1372 1843 1430 conscios
1866 1369 2073 1431 edidit.

1122 1472 1263 1525 101.
1307 1467 1671 1547 Quanquam
1708 1468 1769 1526 in
1809 1468 1901 1527 his
1929 1464 2119 1528 multa
2153 1452 2516 1548 erant,'quae
2554 1465 2768 1529 falsum
2794 1466 2945 1527 indi-

1041 1562 1200 1623 cium
1227 1564 1560 1645 proderent,
1587 1574 1787 1625 tamen
1824 1564 2196 1646 promulgata
2221 1564 2322 1624 lex
2361 1574 2453 1625 est
2476 1586 2513 1625 a
2539 1563 2815 1636 Vatinio,
2839 1574 2855 1601 ‘
2881 1575 2949 1625 ut

1043 1659 1257 1721 Vettio
1298 1662 1540 1743 praemia
1579 1661 2028 1723 decernerentur
2059 1684 2076 1732 ;
2134 1660 2333 1743 deque
2378 1662 2695 1723 nominatis
2745 1664 2822 1722 ab
2875 1682 2950 1721 eo

1042 1759 1294 1838 quaestio
1313 1759 1665 1825 haberetur-⁹
1748 1758 1997 1819 Interim
2037 1758 2281 1819 Vettius
2316 1756 2477 1839 apud
2518 1758 2795 1819 Crassum
2834 1758 2947 1818 Di-

719 1868 920 1917 Sueton.
1043 1854 1226 1915 vitem
1251 1855 1328 1915 de
1353 1857 1412 1916 vi
1437 1855 1789 1937 postulatus,
1812 1876 1949 1917 cum
1984 1854 2208 1917 fraudis
2232 1856 2539 1917 architecti
2566 1856 2800 1916 consilii
2827 1865 2951 1916 tam

723 1933 967 2047 niu-m.
1045 1952 1364 2033 praecipitis
1402 1962 1677 2012 eventum
1719 1942 2121 2034 desperarent:
2166 1953 2227 2012 in
2276 1972 2514 2014 carcere
2560 1954 2791 2013 occisus
2823 1962 2948 2013 oet:

755 2060 946 2112 Cicero.
1049 2048 1284 2123 Caesare
1319 2050 1709 2131 suspicionem
1754 2052 1814 2109 in
1856 2050 2007 2111 alios
2050 2049 2367 2110 transferre
2414 2050 2565 2121 nis0,
2607 2042 2951 2130 quanquam

724 2124 942 2191 Appiam.
1047 2148 1172 2228 ipse
1199 2146 1362 2206 necis
1382 2155 1586 2207 auctor
1612 2145 1967 2207 crederetur.
2014 2146 2369 2227 Impetravit
2393 2154 2593 2205 tamen
2614 2147 2692 2206 ab
2710 2145 2955 2206 addicta

1050 2244 1250 2325 plebe,
1277 2253 1345 2304 ut
1363 2244 1524 2304 illius
1549 2244 1854 2305 voluntate
1883 2248 2175 2325 jussuque
2202 2242 2541 2325 praesidium
2559 2243 2674 2302 sibi
2699 2243 2953 2303 circum-

1046 2338 1252 2401 daret:
1293 2342 1479 2403 verbo
1521 2340 1802 2403 adversus
1848 2342 2128 2412 insidias;
2172 2362 2403 2415 revera,
2447 2349 2515 2401 ut
2555 2340 2956 2423 opprimendis

1049 2436 1302 2498 inimicis
1339 2460 1402 2499 se
1445 2439 1718 2499 muniret.
2193 2492 2196 2494 ,
2284 2458 2287 2463 ·

756 2551 864 2601 Cic.
887 2552 948 2601 nd
1129 2542 1272 2597 102.
1317 2535 1468 2595 Erat
1495 2535 1672 2617 plane
1700 2535 2049 2597 miserabilis
2083 2544 2411 2616 temporum
2440 2543 2650 2605 status,
2682 2553 2819 2595 cum
2848 2554 2957 2615 pa-

725 2616 1025 2731 Αὲξὲῑὲάῗο·
1048 2640 1308 2693 terentur
1351 2634 1616 2695 homines
1660 2654 1797 2713 quae
1848 2632 2101 2703 nollent,
2162 2634 2505 2693 omitterent
2546 2628 2773 2691 mederi
2818 2650 2957 2690 cum

721 2745 830 2796 Att.
851 2716 920 2797 21.
946 2751 1025 2797 ιο.
1049 2741 1309 2811 possent,
1335 2742 1398 2792 et
1421 2741 1616 2791 tamen
1645 2750 1719 2790 ne
1746 2732 1913 2791 taciti
1952 2730 2195 2812 quidem
2222 2738 2439 2790 sortem
2474 2748 2641 2788 suam
2684 2727 2957 2808 indigna-

1049 2836 1268 2889 rentur.
1353 2827 1538 2888 Ludis
1583 2826 2043 2909 Apollinaribus
2088 2826 2346 2887 maxime
2392 2833 2699 2906 perspecta
2750 2823 2958 2905 populi

1051 2923 1473 2985 voluntas‘est:
1515 2944 1654 2984 cum
1680 2944 1873 3004 neque
1901 2922 2127 2983 Caesari
2152 2922 2421 3003 praesenti
2462 2922 2752 3004 plausum,
2792 2930 2855 2982 et
2894 2920 2958 2981 in

759 3032 1028 3083 Vama.
1054 3018 1440 3101 Pompeium,
1459 3020 1782 3098 (coloniam
1808 3021 1964 3079 enim
1982 3018 2256 3100 Capuam
2273 3017 2662 3097 deducebat)
2685 3016 2959 3099 petulan-

729 3114 808 3149 Π·
828 3102 878 3149 ²·
1053 3118 1272 3178 tissime
1311 3118 1577 3178 invectus
1616 3116 1901 3197 Diphilus
1936 3114 2229 3195 tragoedus
2264 3114 2349 3175 ita
2375 3114 2626 3198 placuit,
2654 3124 2721 3174 ut
2744 3116 2963 3196 saepius

1055 3236 1096 3275 a
1121 3210 1342 3297 populo
1369 3216 1679 3295 juberetur
1714 3224 1977 3295 repetere
2001 3233 2016 3274 ε
2062 3212 2330 3273 ‘Nostra
2354 3212 2591 3272 miseria
2617 3221 2687 3272 tu
2706 3232 2771 3271 es
2792 3230 2960 3289 mag-

1057 3313 1207 3383 nus,’
1231 3320 1317 3383 et,
1354 3321 1372 3347 ‘
1394 3310 1697 3371 Virtutem
1731 3312 1902 3370 istam
1927 3310 2129 3370 veniet
2152 3318 2382 3390 tempus
2410 3329 2547 3369 cum
2576 3309 2833 3389 graviter
2856 3328 2959 3386 ge-

763 3424 873 3476 Cic.
903 3425 966 3474 ad
1029 3410 1221 3469 omes?
1305 3408 1528 3469 Edicta
1565 3428 1709 3469 vero
1750 3406 1959 3467 Bibuli
1994 3406 2337 3487 probrorum
2375 3406 2446 3464 irr
2470 3404 2641 3465 illum
2667 3414 2731 3466 et
2755 3403 2959 3464 caesa-

727 3491 837 3543 Att.
859 3508 922 3541 ¹¹·
947 3494 1030 3542 ²¹·
1057 3526 1180 3566 rem
1207 3504 1407 3587 plena,
1439 3515 1562 3566 tam
1597 3513 1767 3564 erant
1792 3502 2065 3583 jucunda
2091 3501 2336 3584 populo,
2370 3511 2437 3561 ut
2472 3501 2665 3563 locum
2695 3502 2798 3561 ubi
2823 3521 2961 3582 pro-

1058 3604 1452 3685 ponebantur,
1483 3591 1620 3684 'prae
1664 3599 2041 3661 multitudine
2096 3598 2441 3677 legentium,
2493 3598 2740 3659 transire
2788 3618 2962 3659 nemo

1063 3708 1276 3781 posset.

764 3814 1033 3867 VnLMax.
1146 3803 1281 3858 103.
1325 3795 1480 3856 Cum
1511 3796 1624 3854 ista
1664 3794 1923 3854 maxime
1959 3790 2191 3864 fierent,
2233 3788 2310 3851 C.
2338 3791 2674 3851 Antonium
2712 3812 2789 3851 ex
2824 3811 2963 3875 pro-

731 3884 943 3995 ¹E.²·5u
1062 3894 1263 3954 vincia
1307 3884 1598 3953 reversum
1664 3898 2038 3950 accusatores
2096 3888 2506 3969 corripuerunt
2556 3886 2627 3947 L.
2678 3886 2965 3947 Caninius

733 3962 926 4059 Vnt-c.
957 4011 1035 4057 ιι.
1063 3988 1303 4061 Gallus,
1333 3990 1417 4057 Q.
1449 3988 1757 4047 Maximus
1781 3986 2156 4055 AEmilianus,
2180 3993 2242 4043 et
2272 3986 2362 4044 M.
2392 3984 2617 4044 Coelius
2642 3983 2963 4044 admodum

731 4084 782 4189 ξ(
805 4088 893 4188 g?
915 4072 1038 4122 0⁰³¹·
1063 4085 1424 4157 adolescens,
1453 4084 1613 4165 apud
1642 4082 1760 4144 Cn.
1779 4081 2095 4143 Lentulum
2123 4079 2503 4141 Clodianum.
2548 4078 2965 4140 Catilinariam

769 4204 876 4253 cic.
895 4216 982 4266 pro
1067 4184 1532 4261 conjurationem
1558 4181 1965 4262 objiciebant:
2009 4198 2118 4239 nec
2144 4198 2217 4239 eo
2239 4178 2480 4239 crimine
2512 4179 2842 4249 convictus,
2882 4177 2965 4236 ob

729 4268 857 4385 ἓξ·
877 4282 924 4319 ⁰⁰
945 4270 998 4317 ⁷·
1070 4280 1192 4341 &lia
1214 4300 1350 4359 quae
1375 4280 1606 4362 proprie
1633 4280 1691 4338 in
1708 4276 2005 4357 judicium
2032 4275 2294 4336 deducta
2316 4295 2433 4335 non
2468 4282 2659 4347 erant,
2694 4284 2787 4337 est
2822 4294 2967 4335 con-
