3300 5234
824 592 1036 643 mnu!
1086 590 1187 643 ΟΧ
1200 592 1223 642 1
1236 590 1259 642 1
1272 594 1319 643 l.
1362 592 1708 643 summum
1721 594 1922 645 ENTU
1935 594 2010 643 ΙΙ.

292 734 603 817 prohibere
640 721 759 797 non
800 738 1099 816 poterant)
1126 745 1216 808 ut,
1240 734 1581 799 introducto
1614 736 1678 797 in
1715 736 1950 798 Urbem
1991 734 2202 809 milite,

291 855 427 897 cum
454 834 693 915 reliquis
732 832 1003 906 tribunis,
1028 834 1133 914 qui
1158 834 1349 894 neutri
1374 834 1633 915 partium
1657 854 1721 893 se
1744 836 2201 914 conjunxerant,

290 930 719 1012 rempublicam
744 929 1107 991 defenderet.
1178 928 1405 1012 Neque
1430 928 1681 991 multum
1705 950 1778 992 eo
1795 930 2044 993 consilio
2062 950 2201 1012 pro-

289 1026 514 1090 fectum
555 1027 634 1088 ad
676 1028 937 1109 quietem
976 1036 1127 1101 erat,
1152 1048 1290 1090 cum
1331 1027 1517 1090 nihilo
1553 1028 1794 1111 sequius
1827 1027 1948 1090 duo
1981 1029 2202 1089 tribuni

289 1144 429 1185 suas
466 1124 715 1205 quisque
739 1125 895 1185 vires
919 1124 1213 1204 aug-endo,
1240 1132 1305 1185 et
1326 1124 1481 1186 inter
1502 1144 1656 1197 sese,
1679 1133 1744 1187 et
1764 1144 1901 1186 cum
1928 1122 2202 1186 Antonio

288 1222 673 1302 patribusque
707 1218 1115 1282 decertarent:
1152 1222 1414 1283 maxime
1440 1230 1758 1303 postquam
1781 1220 2084 1283 Antonius
2109 1242 2200 1282 se-

288 1318 501 1378 ditiose
538 1337 711 1397 agere
746 1317 965 1378 milites
1000 1315 1270 1390 audiens,
1296 1318 1399 1400 qui
1424 1318 1712 1398 praemissi
1737 1337 1776 1378 a
1800 1316 2042 1379 Curare
2069 1326 2202 1399 post

2253 537 2530 647 -5'277

288 1412 707 1483 Pharsalicam
740 1434 997 1495 pugnam
1032 1414 1213 1477 duces
1235 1436 1374 1477 suos
1400 1414 1633 1497 Syllam
1659 1422 1842 1496 atque
1875 1413 2198 1476 Messalam
2255 1430 2364 1485 cie,
2384 1436 2446 1485 ..ι

194 1526 203 1533 ·
286 1519 636 1591 exegerant,
662 1510 741 1570 ad
768 1510 907 1571 illos
930 1512 1287 1584 excucurrit,
1313 1532 1472 1574 novo
1494 1512 1771 1593 exemplo
1797 1510 1870 1572 L.
1901 1510 2198 1572 Caesarem
2223 1496 2330 1549 Ast·
2349 1513 2424 1549 ¹¹·

284 1702 489 1763 nullus
528 1722 789 1785 unquam
828 1704 1105 1783 magister
1141 1706 1409 1785 equitum
1448 1706 1758 1766 habuerat.
1839 1702 1996 1765 Tum
2032 1725 2196 1777 vero,

282 1810 587 1861 contemta
622 1808 922 1861 senectute
960 1801 1031 1861 L.
1069 1800 1347 1873 Caesaris,
1389 1802 1645 1863 atrocius
1683 1802 1834 1863 inter
1871 1822 1936 1861 se
1973 1800 2196 1861 collisas

281 1897 593 1968 factiones,
622 1898 869 1976 majore,
897 1916 1077 1978 quam
1100 1918 1387 1978 unquam,
1414 1896 1674 1958 tumultu
1707 1906 1888 1977 atque
1912 1899 2196 1977 sanguine

278 2002 719 2055 concurrerunt.
805 1991 929 2055 Sed
956 1992 1164 2053 audita
1190 1992 1265 2054 O.
1295 1992 1553 2055 Coesaris
1577 1994 1852 2065 victoria,
1880 1995 2005 2073 qui,
2033 2014 2195 2055 com·

282 2089 489 2170 positis
513 2088 763 2169 AEgypti
800 2090 997 2163 rebus,
1021 2090 1223 2150 venire
1252 2090 1311 2149 in
1342 2088 1587 2150 Italiam
1612 2090 2021 2162 nuntiabatur,
2048 2110 2198 2171 pau-

280 2186 465 2268 lisper
511 2187 805 2247 continuit
853 2186 1155 2247 hominum
1202 2186 1554 2246 audaciam:
1608 2185 1822 2257 donec,
1870 2185 2200 2248 decedente

280 2292 467 2354 metu,
502 2302 641 2345 cum
681 2280 965 2343 adversus
1006 2282 1387 2342 Pharnacem
1429 2280 1730 2362 profectus
1774 2281 1981 2343 Caesar
2017 2294 2196 2357 esset,

278 2380 559 2461 pristinus
592 2378 757 2441 furor
794 2378 988 2439 rediit.

360 2484 461 2538 36.
518 2475 684 2537 Inter
725 2478 856 2538 haec
896 2474 1200 2536 Antonius
1244 2482 1585 2535 neutrarum
1632 2474 1892 2555 partium
1939 2475 2198 2539 studium

276 2574 617 2655 praeferens,
663 2571 1028 2634 Trebellium
1070 2572 1229 2634 clam
1274 2570 1541 2643 fovebat,
1590 2580 2059 2654 potestatemque
2103 2572 2221 2634 fa-'

275 2672 481 2731 ciebat
515 2670 877 2732 conciliandi
916 2670 1369 2750 assumendique
1404 2668 1632 2729 militis.
1719 2667 1822 2729 Sic
1849 2679 2137 2749 tanquam
2161 2690 2196 2731 e

276 2767 511 2829 duobus
550 2770 761 2829 castris
792 2768 1091 2829 debitores
1126 2766 1561 2845 creditoresque
1600 2765 1680 2825 ad
1706 2785 1968 2847 pugnam
1998 2766 2196 2847 prodi-

278 2864 430 2924 bant
466 2884 501 2924 e
540 2864 693 2925 locis
732 2863 925 2925 Urbis
950 2862 1373 2933 munitissimi&
1400 2882 1535 2941 quae
1565 2862 1856 2942 praesidiis
1878 2870 2162 2944 ceperant
2179 2882 2204 2923 2

274 2960 587 3043 coedesque
626 2970 689 3021 et
727 2960 1004 3021 incendia
1038 2959 1447 3041 patrabantur,
1472 2978 1547 3019 eo
1585 2967 1806 3020 terrore
1829 2968 1892 3019 et
1915 2958 2196 3033 tumultu,

279 3067 349 3119 ut
388 3057 711 3140 aliquando
747 3076 921 3119 sacra
955 3056 1169 3117 Vestoe
1203 3078 1281 3118 ex
1324 3056 1491 3117 illius
1527 3056 1759 3117 aedibus
1797 3074 1836 3117 a
1872 3057 2198 3136 virginibus

276 3152 646 3215 efferrentur.
708 3154 928 3234 -Igitur
952 3155 1075 3215 alio
1098 3152 1609 3215 senatusconsulto
1632 3152 1917 3214 mandata
1941 3162 2032 3213 eet
2057 3150 2195 3213 An-

275 3252 442 3313 tonio
465 3251 807 3332 diligentior
835 3250 1027 3311 Urbis
1053 3270 1218 3323 cura,
1248 3252 1559 3331 majorque
1586 3249 1843 3312 militum
1867 3270 2078 3313 manus
2101 3252 2193 3312 in-

274 3346 573 3411 troducta.

358 3452 459 3511 37.
503 3442 624 3507 Sed
670 3444 1017 3515 Dolabella,
1060 3441 1382 3525 desperans
1422 3444 1658 3505 veniam
1699 3463 1740 3503 a
1777 3443 2042 3517 Caesare,
2078 3445 2192 3505 hoc

276 3544 496 3623 agebat
518 3552 586 3604 ut
608 3542 770 3603 claro
796 3542 999 3622 aliquo
1022 3540 1288 3602 facinore
1314 3540 1478 3602 edito
1505 3542 1738 3621 periret.
1823 3540 2066 3604 Idcirco
2090 3542 2189 3604 die

273 3640 461 3711 dicta,
488 3660 609 3721 qua
630 3638 707 3699 de
734 3638 956 3699 tabulis
980 3638 1172 3709 novis,
1200 3646 1263 3697 et
1286 3636 1557 3699 mercede
1582 3637 2013 3700 habitationum
2043 3640 2188 3700 abo-

273 3735 456 3798 lenda
472 3738 639 3813 (nam
658 3742 721 3795 et
738 3737 851 3797 hoc
871 3744 1055 3815 caput
1074 3734 1626 3816 comprehenderat)
1643 3734 1976 3815 perlaturus
1996 3734 2188 3817 legem

272 3842 451 3906 esset,
476 3843 715 3915 paratos
748 3852 875 3893 esse
902 3830 981 3891 ad
1008 3832 1372 3909 rogationem
1398 3829 1805 3910 accipiendam
1830 3850 1964 3891 suos
1987 3833 2184 3909 jussit.

274 3932 435 3993 Cum
475 3930 729 3993 venisset
766 3937 1020 4009 tempus,
1058 3936 1140 4000 et,
1174 3935 1467 4009 occupato
1508 3926 1802 4006 utrimque
1839 3926 1952 3987 fori
1993 3928 2182 4001 aditu,

273 4028 601 4109 ligneisque
640 4026 897 4087 turribus
939 4045 1044 4106 per
1068 4032 1402 4106 opportuna
1426 4024 1563 4084 loca
1584 4024 1798 4084 erectis
1821 4023 1898 4085 ad
1925 4044 2181 4106 propug-

270 4125 557 4197 nandum,
598 4142 815 4205 magna
854 4120 1173 4181 multitudo
1220 4119 1606 4190 confluxiset3
1649 4120 1953 4181 Antonius
1993 4122 2184 4203 prima

274 4309 487 4361 hunos
522 4306 705 4373 muni
739 4315 862 4357 sunt
890 4306 925 4357 ii
959 4306 1049 4372 qni
1082 4319 1187 4354 non
1255 4308 1341 4355 2⁷.
1376 4311 1431 4354 et
1470 4303 1629 4355 Gan».
1662 4317 1712 4354 c.
1747 4307 1826 4353 ιο.
1856 4309 1912 4354 et
1933 4304 2124 4370 passim
2147 4321 2178 4356 a

268 4375 529 4426 militante
590 4387 695 4439 quo
736 4370 895 4423 unsri
927 4372 1043 4422 lua-c
1085 4386 1187 4421 vox
1251 4368 1659 4435 jurisconsultis·
1695 4370 1837 4419 Creu.

268 4448 553 4504 usurpatur
592 4453 625 4489 a
658 4439 929 4503 Suetonio,
966 4434 1101 4501 Aug.
1142 4451 1191 4487 c.

285 1606 645 1668 avunculum
670 1606 857 1667 Urbis
874 1608 1219 1689 praefectum
1238 1606 1573 1681 declarans,
1590 1608 1826 1690 qudem
1847 1616 2197 1688 pote-tatem
2221 1564 2378 1679 ¹2:¹53·st
2399 1569 2482 1617 28.
