3300 5234
827 524 1006 593 5012

1782 544 1851 591 T.
1899 542 2090 593 mvn

1156 702 1265 743 sua
1289 701 1396 765 per
1421 682 1648 764 legatos
1672 682 1903 746 edidit:
1931 692 1950 721 ‘
1968 704 2043 746 ne
2068 704 2219 767 quos
2244 692 2531 765 praeterea
2550 682 2881 746 Germanos
2896 690 3047 743 trans

1159 778 1446 842 Rhenum
1490 790 1849 843 arcesseret:
1910 802 1983 843 ne
2026 784 2319 843 sociorum
2362 782 2570 865 populi
2612 780 2876 843 Romani
2912 780 3049 841 fines

1159 883 1424 937 armatus
1473 877 1873 957 ingrederetur
1908 898 1924 937 ε
1983 879 2220 940 obsides
2262 880 2443 940 etiam
2494 879 2573 939 ab
2614 878 2737 938 illis
2784 886 3050 958 acceptos

1157 974 1473 1039 redderet?
1569 974 1681 1036 Ad
1718 975 1848 1037 haec
1888 974 2163 1037 ferociter
2208 976 2289 1036 ab
2328 976 2637 1037 Ariovisto
2682 993 3049 1057 responsum:

1157 1074 1480 1154 oblataque
1499 1068 1727 1137 caesari
1752 1072 2035 1143 conditio,
2060 1081 2078 1109 ‘
2101 1073 2297 1135 amico
2322 1094 2385 1133 se
2410 1094 2485 1133 an
2514 1074 2683 1133 hoste
2706 1074 2793 1133 uti
2814 1070 3051 1133 mallet?

1239 1177 1302 1232 3.
1346 1168 1476 1232 Sub
1513 1168 1671 1230 idem
1712 1178 1943 1252 tempus
1966 1189 2089 1250 quo
2120 1169 2253 1230 haec
2286 1178 2425 1231 sunt
2448 1170 2783 1231 renuntiata
2810 1166 3052 1239 Goesari,

1158 1266 1488 1329 AEduorum
1537 1268 1721 1327 etiam
1760 1275 1825 1328 et
1867 1264 2245 1328 Trevirorum
2306 1266 2491 1347 legati
2540 1266 2856 1327 affuerunt.
2954 1264 3055 1327 Illi

1157 1366 1555 1447 querebantur
1623 1363 1915 1449 Harudes
1958 1384 2147 1447 nuper
2196 1365 2257 1426 in
2305 1363 2579 1426 Galliam
2636 1372 3055 1447 transportatus

1158 1462 1478 1524 fines.suos
1514 1462 1828 1545 populari:
1869 1462 2099 1525 Treviri
2122 1471 2361 1525 centum
2395 1482 2583 1546 pagos
2624 1460 2956 1524 Suerorum
2980 1463 3053 1525 sd

1161 1557 1368 1621 Rheni
1393 1560 1583 1642 ripam
1610 1559 1945 1621 consedisse
1970 1561 2351 1634 nuntiabant,
2378 1560 2494 1621 hoc
2521 1560 2719 1623 animo
2742 1568 2809 1621 ut
2834 1580 3057 1623 amnem

1159 1658 1491 1717 transirent.
1574 1655 1772 1738 Igitur
1812 1656 2019 1719 Caesar
2058 1658 2299 1719 minime
2328 1656 2721 1741 differendum
2754 1666 2940 1732 ratus,
2981 1658 3055 1721 ad

1158 1751 1554 1827 Ariovistum,
1583 1755 1929 1836 priusquam
1974 1775 2145 1817 novae
2188 1755 2378 1837 copiae
2418 1773 2557 1815 cum
2596 1755 2901 1833 :veteribus
2938 1757 3059 1835 ejus

1157 1870 1222 1909 se
1250 1853 1387 1931 conj
1395 1859 1706 1932 ungerent,
1732 1852 1963 1931 magnis
1986 1852 2299 1913 itineribus
2322 1849 2709 1924 contendens,
2737 1850 3059 1914 Vesontio-

1159 1966 1294 2006 nem
1339 1945 1774 2027 Sequanorum,
1818 1968 1893 2008 ne
1924 1948 2030 2025 ,ab
2084 1948 2257 2009 hoste
2306 1956 2717 2029 occuparetur,
2762 1950 3061 2030 praecepit.

1161 2041 1320 2110 Quae
1361 2042 1582 2107 deinde
1633 2052 1805 2124 gesta
1842 2052 1999 2117 sunt,
2044 2046 2329 2127 quoniam
2364 2044 2684 2105 multorum
2726 2042 3059 2105 Germaniae

1157 2138 1512 2219 populorum
1553 2141 1915 2202 mentionem
1939 2142 2267 2213 continent,
2292 2140 2602 2201 obscuram
2641 2138 3061 2221 molestamque

1155 2233 1418 2297 futuram
1451 2236 1808 2317 legentibus,
1834 2237 1945 2297 nisi
1976 2228 2295 2299 commoda
2328 2237 2735 2319 explicatione
2768 2236 3059 2299 illustren-

835 2352 946 2403 Liv.
967 2350 1106 2419 Epit.
1157 2339 1290 2403 tur;
1334 2332 1500 2395 locus
1523 2335 1624 2395 hic
1646 2333 1966 2407 desiderat,
1994 2343 2063 2396 ut
2098 2335 2317 2397 veteris
2350 2334 2694 2395 Germaniae
2728 2334 2910 2396 situm
2942 2353 3061 2395 mo-

1157 2449 1370 2513 resque
1391 2447 1783 2513 exponamus.

853 2548 1139 2605 rmoom
1237 2536 1302 2591 4.
1344 2528 1542 2609 Igitur
1579 2527 1969 2591 Germaniam
1993 2525 2072 2588 ad
2102 2512 2473 2589 occidentem
2498 2546 2539 2588 a
2566 2526 2769 2591 Gallis
2794 2526 3061 2592 Rhatia-

834 2631 877 2665 1.
897 2618 946 2667 1.

1159 2646 1278 2709 que
1304 2626 1582 2700 Rhenus,
1621 2626 1703 2689 ad
1726 2626 2013 2687 orientem
2038 2643 2079 2685 a
2102 2624 2439 2688 Pannoniis
2466 2623 2785 2689 Danubius
2798 2632 2825 2661 ⁸
2866 2626 3063 2691 certis-

1157 2725 1295 2790 simi
1349 2724 1572 2787 limites
1634 2723 2038 2805 separabant:
2078 2722 2557 2803 septemtrionale
2606 2724 2767 2785 latus
2820 2731 3065 2787 vocam

1157 2819 1296 2883 inde
1332 2820 1731 2885 Germanicus
1766 2838 2026 2882 oceanus
2050 2818 2278 2881 ambitz
2321 2838 2362 2880 a
2382 2818 2629 2881 meridie
2652 2826 2891 2882 montes
2904 2819 3063 2885 clan-

1155 2917 1312 2981 dunt
1344 2917 1614 2999 Alpibus
1636 2918 1728 2980 ita
1750 2917 2089 3000 propinqui,
2132 2924 2201 2977 ut
2222 2934 2361 2997 pam
2382 2935 2588 2978 earum
2620 2915 2940 2981 videautm·
2962 2936 3066 2999 ap·

1159 3014 1608 3096 pellenturque:
1650 3033 1692 3074 a
1731 3012 2025 3075 Sarmatis
2067 3034 2269 3076 versus
2312 3013 2501 3075 solem
2545 3014 2859 3089 orientem,
2902 3035 3065 3077 moa·

1159 3113 1334 3186 tium,
1381 3113 1488 3193 qui
1533 3112 1771 3194 proprie
1820 3110 2143 3176 Sarmatici
2187 3112 2582 3187 vocabantur,
2624 3114 2969 3195 asper-itate,
3004 3120 3067 3175 et

1160 3228 1333 3270 amne
1376 3206 1624 3269 Vistula
1656 3207 2066 3269 dirimebatur.
2149 3206 2385 3269 Eodem
2422 3209 2763 3289 pertinebat
2798 3218 2865 3272 et
2901 3208 3067 3273 Her-

1157 3306 1342 3387 cynia
1361 3305 1560 3387 sylva,
1583 3324 1729 3387 quse
1750 3313 1879 3367 tum
1902 3324 2115 3369 novem
2136 3302 2369 3369 dierum
2390 3306 2505 3368 iter
2526 3306 2796 3369 habebat
2828 3308 2895 3369 in
2928 3305 3065 3369 iati-

1221 3517 1250 3547 ·
1275 3511 1364 3565 Aa
1379 3511 1610 3564 arinate-
1623 3528 1657 3565 a
1674 3512 1949 3565 Pom-3·
1966 3512 2077 3565 Ds-
2146 3513 2451 3579 Germania
2477 3512 2677 3565 veteris
2714 3513 3065 3580 cognitione·

1155 3576 1352 3643 salvius]
1403 3578 1683 3637 Pannonii,
1735 3579 1781 3629 si
1824 3579 2073 3643 respicias
2146 3578 2369 3644 adipisci
2386 3580 2663 3636 voletmon
2679 3579 2798 3629 hinc
2816 3580 2957 3631 iiiam
2976 3594 3064 3646 ps-

1156 3640 1446 3695 Germanos
1469 3650 1526 3694 et
1545 3642 1865 3706 Danubium,
1880 3658 1983 3695 non
2004 3642 2075 3694 ad
2144 3650 2245 3708 tet,
2265 3644 2357 3695 sed
2375 3658 2441 3695 ea
2466 3644 2529 3695 iis
2550 3646 2639 3709 qui
2662 3660 2773 3695 rem
2789 3642 2907 3696 fuse
2925 3654 2982 3697 et
2995 3659 3062 3695 ea

1155 3708 1434 3766 orientem,
1465 3708 1560 3760 aed
1591 3709 1659 3759 ad
1692 3709 1961 3760 meridiem
1982 3710 2075 3761 siti
2142 3707 2381 3774 professo
2402 3716 2783 3762 tractaverunt.
2848 3711 2959 3763 Qui
2978 3726 3069 3761 au-

1157 3780 1302 3824 aunt·
1379 3774 1631 3826 Ceterum
1654 3774 1709 3827 in
1730 3774 1829 3825 hac
1852 3774 2074 3827 Germa-
2144 3782 2250 3825 tem
2283 3774 2399 3825 haec
2438 3774 2623 3839 rapido
2644 3776 2795 3826 oculo
2816 3774 3067 3827 festinan-

1156 3840 1260 3889 niae
1283 3837 1454 3890 deseri
1496 3838 1655 3897 tione,
1690 3838 1830 3890 idem
1864 3838 2074 3891 lustitu·
2142 3842 2228 3889 ter
2259 3840 2578 3904 perlustrare
2598 3841 2727 3890 satis
2749 3840 2971 3899 habent,
3002 3840 3066 3891 iia

1157 3909 1288 3962 tum,
1337 3918 1440 3969 quo
1521 3904 1576 3956 in
1619 3902 1827 3969 Gaiiin,
1871 3904 2075 3957 tenebi·
2142 3918 2269 3955 sane
2292 3915 2473 3969 parum
2503 3918 2644 3956 caro
2664 3912 2753 3955 eat
2786 3906 2925 3957 scire
2962 3918 3065 3971 qao

1156 3982 1293 4032 mus,
1326 3975 1390 4021 ut
1409 3969 1711 4024 omittamus
1726 3969 1937 4021 nomina
1953 3984 2076 4021 auc·
2144 3983 2213 4020 ea
2236 3979 2449 4021 auctore
2466 3970 2700 4037 quidque
2730 3972 2956 4036 petitum
2976 3972 3065 4023 sit.

1155 4035 1675 4165 232331.‘¹:::..1¹.:².
1730 4034 2078 4151 32⁰³“2‘z
2146 4034 3069 4167 222‘23ffi··.:{⁸;:.'{·:335

1156 4164 1385 4231 modum,
1421 4179 1609 4217 manca
1676 4134 1851 4229 irum,
1885 4166 2077 4231 partim
2145 4164 2347 4216 tissima
2375 4165 2489 4217 haic
2510 4136 2808 4218 hermaniae
2830 4166 3070 4231 descrip-

1159 4230 1368 4293 omiaaa,
1389 4228 1645 4281 inextrica
1686 4231 1781 4280 iles
1802 4245 1966 4295 prope
1988 4245 2073 4281 er·
2146 4230 2223 4282 tio
2248 4232 2543 4295 legeretur:
2575 4230 2644 4281 de
2666 4239 2849 4282 cetero
2882 4234 3067 4283 remit-³

1160 4294 1542 4346 mres—habeut.
1607 4295 1677 4345 Id
1696 4296 1807 4347 alus
1828 4296 1937 4347 ulio
1968 4295 2075 4347 iec-
2145 4302 2265 4347 tere
2298 4296 2547 4348 lectorem
2582 4295 2651 4346 ad
2682 4296 2985 4351 clavarium
3006 4304 3067 4350 ct

1159 4359 1288 4409 toris
1327 4358 1654 4411 incommodo
1700 4360 1875 4413 facere
1918 4375 2077 4425 possa
2146 4362 2445 4414 cellarium.
2482 4362 2627 4413 Creo.

1157 4422 1416 4476 videmur.
1480 4425 1588 4478 oni
1609 4424 1748 4478 sulm
1770 4434 2073 4479 accuratam
