3300 5234
825 527 1037 578 mam
1085 527 1297 577 cxiv.
1340 526 1998 578 surrnsunwruu.
2357 509 2532 578 5289

286 669 371 730 ad
412 669 597 752 pedes
640 669 911 732 Labieni.
996 670 1154 732 Mox
1192 670 1429 732 dicente
1476 669 1781 752 Scipione,
1825 679 1843 707 ‘
1877 670 2206 754 Imperator

154 786 163 794 ·
286 766 589 845 argenteis
609 767 857 828 armillis
880 777 941 828 te
962 768 1191 840 donat,’
1217 769 1499 829 exultans
1524 765 1746 846 gaudio
1770 769 1940 828 abiit.
2006 767 2205 829 Tanta

286 864 487 924 inerat
510 865 731 936 animo,
758 865 939 926 etiam
964 867 1025 926 in
1050 865 1257 926 humili
1283 864 1543 936 fortuna,
1570 865 1774 944 gloriae
1798 865 2112 946 cupiditas.
2175 881 2186 900 ¹

370 969 478 1024 11.
521 963 617 1024 At
640 963 897 1044 perculsi
920 983 1057 1024 cum
1086 964 1343 1025 adventu
1372 963 1672 1045 Scipionis
1697 963 1956 1024 Caesaris
1988 964 2205 1024 milites
2260 967 2410 1018 Auci.
2435 972 2498 1020 ds

282 1067 479 1130 erant,
506 1068 631 1119 tum
668 1061 849 1120 etiam
886 1061 1029 1140 quia
1056 1061 1235 1120 naves
1257 1079 1379 1120 suae
1405 1060 1690 1120 onerariae
1717 1060 1934 1140 passim
1963 1063 2202 1122 nuntia·
2227 1033 2291 1086 B·
2312 1034 2423 1084 Ast·

282 1155 507 1216 bantur
546 1165 939 1237 expugna2ae3
984 1157 1130 1237 quia
1168 1177 1281 1217 non
1319 1157 1610 1237 praedicto
1644 1155 1779 1217 loco
1807 1157 1910 1216 ubi
1934 1157 2202 1239 appelle-

282 1261 439 1324 rent,
487 1254 787 1326 errabant,
836 1264 899 1315 et
942 1276 981 1316 a
1024 1254 1427 1335 compluribus
1466 1253 1928 1315 adversariorum
1967 1256 2204 1336 scaphis

280 1348 537 1429 singulm
571 1352 1039 1432 excipiebantur.
1123 1351 1299 1413 Inter
1334 1351 1445 1412 has
1484 1351 1852 1432 deprehensa
1881 1354 2052 1413 navis
2085 1362 2200 1425 est,

280 1469 422 1527 quae
447 1447 657 1508 stanes
673 1448 823 1511 duos
847 1450 1110 1511 tribunos
1136 1449 1391 1510 militum
1410 1446 1660 1528 legionis
1677 1450 1902 1529 quintae
1919 1450 2200 1523 vehebat,

278 1543 435 1605 Titii
472 1544 737 1626 Hispani
770 1546 1136 1608 dicebantur.
1221 1546 1431 1626 Atque
1466 1546 1529 1606 hi
1557 1566 1697 1607 cum
1733 1567 1797 1606 se
1835 1548 1912 1608 C.
1941 1547 2204 1628 Virgilio

280 1644 557 1722 praetorio
578 1643 963 1730 dedidissent,
988 1642 1065 1705 ad
1094 1643 1436 1724 Scipionem
1456 1643 1721 1716 deducti,
1749 1646 2044 1726 tertioque
2071 1657 2205 1727 post

277 1737 383 1800 die
428 1740 725 1802 interfecti
766 1751 939 1802 sunt:
990 1761 1127 1802 cum
1166 1743 1361 1822 major
1400 1761 1627 1813 eorum,
1666 1753 1734 1803 ut
1780 1751 1918 1802 ante
1957 1742 2204 1803 frah-em

278 1835 676 1909 occideretur,
705 1859 744 1898 a
782 1839 1223 1900 centurionibus
1260 1839 1649 1920 impetrasset.
1705 1838 1842 1899 -Ad
1879 1839 2032 1910 haec,
2058 1859 2200 1919 cog-

278 1934 413 1994 nita
448 1933 705 1996 Coesaris
738 1937 1110 2007 necessitate,
1136 1935 1177 1996 J
1183 1938 1303 1996 uba
1324 1925 1716 2017 rex'spatium
1741 1937 2202 1998 convalescendi

276 2051 401 2091 non
424 2030 693 2104 daturus,
718 2051 857 2093 cum
880 2032 1105 2111 ingenti
1131 2033 1399 2094 exercitu
1424 2033 1726 2093 veniebat.
2191 2045 2198 2054 ’

296 2143 318 2182 .·
359 2134 465 2188 12.
509 2127 826 2190 Adversus
848 2129 980 2190 haec
1004 2131 1207 2190 omnia
1231 2129 1440 2190 omar
1458 2128 1732 2190 timorem
1759 2129 2016 2201 militum
2043 2151 2201 2194 nova
2258 2153 2462 2205 Sueten.

272 2224 509 2284 ratione
552 2227 942 2306 compescuit,
988 2224 1261 2304 augendo
1304 2224 1556 2306 periculi
1600 2223 1844 2286 famam.
1949 2227 2198 2309 Quippe
2223 2217 2351 2333 ⁰3⁸¹·
2373 2237 2418 2272 c.
2439 2225 2526 2272 ⁶⁶·

271 2321 511 2382 vocatis
547 2321 630 2383 ad
665 2323 1013 2384 concionem
1048 2322 1361 2394 militibus,
1393 2331 1411 2359 ⁸
1444 2322 1718 2394 Scitote,'
1753 2324 1970 2403 inquit,
1998 2333 2017 2360 ‘
2046 2345 2196 2406 pau-
2219 2299 2508 2402 &3331

268 2417 527 2479 cissimis
558 2419 653 2480 his
688 2419 903 2480 diebus
944 2440 1141 2500 regem
1187 2419 1507 2481 affuturum
1542 2439 1682 2480 cum
1722 2420 2052 2500 legionibus
2089 2413 2422 2484 de-ssne‘ffl·

270 2533 433 2587 cem,
480 2517 747 2596 equitum
788 2516 1053 2596 triginta,
1090 2516 1239 2578 levis
1278 2526 1592 2578 armaturae
1631 2526 1874 2578 centum
1909 2518 2196 2594 millibus,
2289 2509 2293 2514 “

270 2609 611 2692 elephantis
650 2613 947 2674 trecentis.
1030 2613 1301 2674 Proinde
1341 2612 1613 2673 desinant
1648 2613 1894 2695 quidam
1935 2635 2197 2695 quaerere

272 2707 461 2782 ultra,
498 2719 608 2770 aut
649 2710 905 2792 opinari,
948 2711 1211 2791 mihique
1255 2711 1359 2791 qui
1398 2720 1766 2792 compertum
1811 2711 2028 2785 habeo,
2069 2734 2196 2774 cre-

272 2806 463 2868 dant:
504 2818 612 2869 aut
648 2806 890 2890 quidem
928 2809 1322 2870 vetustissima
1363 2828 1537 2880 nave,
1576 2827 1954 2889 quocumque
1994 2818 2196 2882 vento,

270 2904 335 2965 in
364 2923 773 2985 quascumque
798 2913 984 2966 terras
998 2905 1231 2984 jubebo
1256 2904 1473 2966 avehi?
1540 2904 1828 2986 Praeceps
1850 2905 2042 2965 videri
2066 2906 2197 2968 haec

230 2985 241 3002 ⁶
268 3001 661 3082 exaggeratio
692 3001 1001 3065 hostilium
1034 3002 1249 3064 virium
1276 3008 1497 3082 queat:
1539 2999 1645 3062 sed
1673 3000 1734 3060 in
1761 3000 1978 3062 audaci
2002 3011 2195 3084 coepto

272 3097 575 3179 plenoque
598 3098 1011 3179 ‘periculorum
1054 3097 1189 3179 plus
1210 3098 1421 3159 oberat
1444 3106 1766 3158 extenuare
1790 3095 1950 3160 velle
1976 3099 2194 3171 verbis,

270 3194 437 3274 quod
478 3196 747 3255 sensibus
786 3216 877 3255 res
915 3197 1045 3276 ipsa
1086 3196 1392 3274 ingerebat
1424 3194 1729 3276 quotidie:
1772 3203 1836 3255 et
1873 3196 2198 3275 praestabat

270 3291 431 3352 banc
468 3291 531 3351 in
564 3301 795 3373 partem
832 3291 1031 3372 decipi
1066 3291 1305 3362 milites,
1331 3291 1467 3373 plus
1496 3291 1806 3351 habituros
1829 3291 1979 3370 spei,
2005 3292 2058 3351 si
2083 3293 2192 3353 ob·

268 3387 525 3450 firmatis
564 3388 643 3449 ad
684 3389 959 3468 graviora
996 3389 1227 3462 animis,
1269 3389 1501 3450 minora
1536 3388 1812 3469 opinione
1853 3387 2193 3449 discrimina

269 3485 589 3546 huctando
626 3486 1065 3567 comperissent.

352 3589 459 3642 13.
506 3581 789 3643 Ceterum
834 3581 1060 3643 Jubam
1101 3582 1205 3643 vix
1250 3603 1430 3661 regno
1472 3601 1768 3661 egressum
1818 3582 2188 3664 necopinatae
2212 3598 2330 3649 Dio.

266 3677 433 3740 domi
476 3679 667 3740 turbae
700 3679 1014 3740 confestim
1050 3689 1419 3742 revocarunt.
1482 3681 1768 3742 ,Publius
1799 3681 1958 3741 euim
2003 3679 2190 3740 Sitius

266 3774 641 3849 Nucerinus,
658 3777 889 3856 junctis
919 3797 1057 3837 cum
1102 3777 1355 3857 Bogude
1388 3798 1525 3858 rege
1559 3778 1767 3859 copiis,
1795 3777 2011 3840 invasit
2045 3777 2185 3838 Nu·
2242 3796 2462 3863 Appi-n.

262 3873 541 3947 midiam,
584 3875 874 3956 Cirtaque
916 3874 1180 3937 maximo
1218 3875 1439 3958 oppido
1474 3877 1682 3958 paucis
1710 3875 1921 3936 diebus
1955 3897 2184 3958 expug-
2209 3863 2321 3975 gi*-
2345 3879 2408 3914 ¹¹·
2428 3869 2482 3912 θ*

266 3979 435 4043 nato,
460 3981 527 4032 et
566 3991 684 4032 uno
724 3980 905 4054 atque
949 3971 1139 4034 altero
1179 3981 1359 4054 capto
1393 3973 1617 4055 oppido
1657 3972 2056 4046 Gaetulorum,
2081 3993 2183 4034 ne·
2211 3961 2332 4042 Dio.

266 4069 607 4129 cessitatem
650 4069 709 4130 ei
752 4089 863 4130 sua
905 4067 1267 4132 defendendi
1312 4071 1732 4153 imposuerunt.
1818 4069 2034 4150 Igitur,
2078 4072 2183 4130 ab·
2209 4056 2478 4170 Bff'ffigf‘

268 4164 469 4228 ductis
500 4187 539 4226 a
572 4165 851 4248 Scipione
881 4167 1003 4228 suis
1026 4167 1289 4241 auxiliis,
1314 4166 1558 4249 reliquit
1579 4176 1810 4228 tantum
1837 4166 2186 4249 elephantos

268 4264 537 4342 triginta,
564 4263 738 4330 rudes
762 4263 982 4338 adhuc,
1010 4274 1074 4326 et
1096 4265 1416 4326 multorum
1442 4285 1724 4325 annorum
1757 4285 1862 4324 usu
1899 4265 2002 4326 vix
2039 4263 2179 4327 edo-

270 4359 507 4420 cendos.
592 4361 751 4420 Plus
784 4382 925 4440 ergo
958 4363 1154 4445 specie
1193 4383 1371 4444 quam
1406 4362 1629 4422 viribus
1665 4364 1992 4423 nocebant:
2036 4363 2180 4443 quia

395 4472 575 4540 Delph.
596 4481 645 4526 et
674 4475 789 4528 γαν.
814 4475 945 4526 Clas.
1294 4475 1482 4527 Livias.
2227 4481 2290 4528 15
2324 4477 2376 4528 0
