3300 5234
789 578 861 627 m
872 577 995 628 BR!
1042 577 1197 629 clv·
1239 578 1694 678 supputatim
1699 581 1888 630 ’.ΙὌΜ

210 718 443 792 tudine,
472 728 537 781 et
575 657 655 782 ab
680 717 1126 797 Helvetiorum,
1150 729 1216 782 et
1238 673 1591 795 Nemetum,
1618 731 1684 784 et
1707 722 2126 786 Rauracorum

212 815 455 889 finibus,
496 816 826 879 secundum
866 816 1083 880 flumen
1120 817 1472 880 Danubium
1516 818 1598 880 nd
1636 817 1786 881 fines
1821 819 2126 883 Dacorum

212 911 659 995 Anrtinmque
684 915 1058 996 pertinebat:
1100 914 1316 977 deinde
1342 917 1734 978 sinistrorsum
1771 915 1932 978 flexa.
1969 917 2126 979 mul-

210 1017 307 1072 tos
326 1011 667 1090 attingebat
686 1019 928 1094 propter
963 1013 1430 1092 magnitudinem
1454 1013 1730 1095 populos,
1753 1014 1912 1076 ultra
1947 1035 2126 1076 sexa.-

212 1107 379 1187 ginta
400 1107 641 1169 dierum
665 1109 777 1169 iter
794 1115 1085 1192 porrecta.

292 1211 351 1268 5.
392 1203 551 1266 Hoc
572 1206 769 1288 spatio
791 1205 995 1266 inultm
1019 1213 1147 1266 tum
1170 1211 1375 1284 gentes
1396 1203 1659 1279 coluere,
1685 1205 1984 1268 veteribus
2005 1227 2124 1268 non

210 1301 355 1362 satis
390 1303 679 1381 cognitae,
726 1300 891 1383 quod
940 1321 1166 1382 nsperae
1208 1299 1405 1373 bellis,
1449 1302 1511 1362 in
1546 1323 1699 1384 poce
1744 1305 2126 1365 commercio·

210 1417 337 1458 rum
382 1398 775 1478 negligentes,
807 1400 887 1460 ab
926 1397 1063 1460 aliis
1098 1395 1337 1480 populis
1374 1397 1536 1459 haud
1566 1399 1746 1461 facile
1787 1397 2126 1461 adibanmr.

215 1494 398 1561 Quod
422 1505 629 1558 tamen
656 1497 809 1558 inter
833 1496 1107 1577 antiquos
1120 1503 1373 1568 constat,
1392 1495 1625 1558 initium
1646 1496 1990 1558 Germania
2005 1515 2129 1578 qua

216 1589 527 1654 Sarmatas
550 1593 905 1674 attingebat,
932 1613 1103 1654 mons
1127 1591 1289 1655 Sevo
1312 1592 1453 1666 fuit,
1476 1593 1670 1654 sinum
1697 1593 2033 1666 Codanum,
2061 1595 2124 1656 id

170 1733 181 1746 .
216 1699 323 1762 est,
376 1690 665 1752 Gdanum
713 1693 839 1754 sive
885 1689 1191 1754 Danicum
1242 1687 1525 1762 efficiens,
1573 1690 1782 1752 insulis
1825 1691 2124 1754 refertum.

216 1786 491 1854 Quarum
516 1788 903 1850 clm-inimum
938 1789 1327 1850 nominabant
1352 1787 1841 1860 Scandinaviam,
1866 1789 1984 1849 tria
2017 1789 2126 1850 bo-

214 1883 403 1946 realia
422 1905 613 1964 regna
634 1885 1111 1966 amplectentem,
1148 1869 1403 1966 ideoque
1427 1886 1725 1946 veteribus
1749 1885 2126 1966 incomperta}

212 1982 660 2062 magnitudinis,
682 1982 839 2044 falso
858 1991 1055 2045 tamen
1082 1981 1333 2044 insulam
1350 1981 1639 2044 creditam
1663 2001 1680 2042 ι
1707 1984 1880 2063 eujus
1893 1992 2126 2066 partem

214 2079 653 2143 Hellevionum
674 2101 839 2161 gens,
864 2082 953 2143 sic
978 2083 1213 2164 rupium
1238 2080 1467 2143 incolas
1493 2080 1774 2161 indigena.
1795 2101 1986 2143 sermo
2015 2103 2124 2142 vo·

208 2177 415 2250 cubat,
442 2179 781 2260 quingentis
804 2180 997 2261 pagis,
1020 2179 1315 2240 scribente
1340 2179 1574 2250 Plinio,
1601 2178 1930 2240 obtinebat.
2013 2178 2124 2240 Ab

209 2275 427 2337 eodem
452 2285 697 2337 auctore
716 2275 1147 2337 Germanorum
1174 2295 1390 2357 genera
1412 2277 1674 2358 quinque
1699 2277 1786 2336 sic
1803 2285 2123 2358 ponuntur,

212 2382 280 2434 ut
320 2372 571 2434 excludi
602 2371 1025 2434 Scandinavioe
1064 2381 1267 2453 gentas
1302 2382 1629 2456 appareat:
1671 2373 1924 2455 primum
1964 2373 2124 2434 Vin-

206 2468 369 2530 dilos
402 2477 612 2542 vocat,
652 2478 675 2508 ‘
692 2489 941 2551 quorum
980 2491 1119 2550 pars
1164 2469 1640 2548 Burgundiones,
1668 2468 1910 2544 Varini,
1949 2470 2124 2531 Cari-

208 2566 297 2638 ni,
324 2563 633 2627 Gnttones
654 2565 913 2626 fuerint?
992 2562 1307 2625 Vandalos
1332 2561 1583 2643 intellig-i
1608 2572 1844 2644 putant,
1869 2583 2124 2644 quorum

208 2661 385 2722 sodes
400 2682 445 2724 a
465 2661 751 2724 Poloniae
772 2659 991 2721 finibus
1012 2669 1197 2740 atque
1216 2657 1477 2720 Vistulae
1500 2661 1700 2742 capite
1719 2680 1826 2740 per
1847 2659 2123 2739 Megalo·

210 2759 623 2839 burgensium,
658 2759 1150 2830 Pomeranorum,
1176 2756 1698 2837 Prntenorumque
1740 2757 2030 2838 regiones,
2059 2767 2124 2820 et

212 2853 586 2927 Marobiam,
612 2855 1015 2935 Saxoniaeque
1032 2863 1263 2936 partem
1286 2861 1545 2914 extentae
1567 2852 1827 2914 fuerunt.
1859 2873 1866 2879 ·

288 2959 356 3014 6.
398 2951 681 3012 Alterum
706 2970 897 3030 genus
922 2949 1183 3012 Peucini
1222 2949 1654 3031 Bastarnaeque
1683 2949 1934 3012 Peucen
1960 2951 2122 3013 insu·

210 3048 339 3110 lam
374 3047 463 3110 nd
495 3049 651 3111 ostia
675 3047 947 3109 Danubii
982 3047 1257 3129 positam,
1294 3055 1359 3108 et
1386 3047 1587 3108 vicina
1630 3047 1784 3108 inter
1817 3045 2125 3111 Sarmatas

214 3145 545 3226 Dacosque
570 3144 705 3206 loca
726 3145 1119 3225 occupabant.
1186 3143 1407 3205 Cetera
1430 3141 1772 3207 Germaniae
1795 3153 1914 3206 tres
1937 3145 2121 3206 habe-

210 3244 364 3306 bant
384 3263 471 3304 ex
502 3242 622 3303 situ
647 3241 767 3302 loci
784 3241 1187 3303 habitatorum
1209 3239 1595 3312 differentias,
1623 3241 1990 3322 totidemque
2015 3261 2121 3303 no-

210 3339 399 3400 mina.
471 3337 825 3418 Ingaevones
844 3339 969 3418 ,qui
1002 3338 1335 3399 scribuntur
1368 3335 1530 3419 apud
1555 3337 1852 3410 Plinium,
1877 3357 1982 3399 eos
2006 3337 2122 3400 Vi·-

214 3455 499 3516 gtvones
520 3456 639 3496 non
666 3435 927 3497 absurda
954 3437 1301 3516 conjectura
1334 3433 1668 3496 Rhenanus
1705 3433 2007 3514 intelligit,
2033 3436 2124 3497 sic

212 3533 579 3616 appellatos,
630 3533 791 3616 qnod
835 3533 914 3594 ad
962 3535 1157 3594 sinum
1192 3531 1369 3594 maris
1406 3531 1751 3594 incolerent.
1833 3531 2123 3612 Ejusdem

214 3631 421 3693 Plinii
458 3631 812 3703 Istaevones,
848 3629 1129 3692 occiduos
1164 3629 1642 3712 interpretantur,
1671 3627 1834 3711 quod
1857 3649 1934 3690 ea
1957 3639 2124 3712 parte

212 3727 357 3790 fluit
386 3727 665 3800 Rhenus,
691 3747 869 3810 quem
892 3728 1265 3790 accolebant.
1348 3726 1519 3789 Inter
1542 3727 1654 3788 hos
1685 3727 1997 3808 intercepti
2020 3747 2124 3788 ve-

212 3829 451 3890 teribus
500 3826 861 3888 Hermiones
903 3825 1293 3897 vocabantur,
1344 3825 1633 3886 incertum
1671 3824 1876 3886 unde.
1917 3832 1981 3885 et
2019 3823 2126 3903 qni

213 3925 648 4007 detorquendis
668 3923 975 3986 vocabulis
1006 3925 1135 3984 sine
1170 3922 1291 3984 alio
1322 3922 1545 3984 indicio
1568 3904 1928 4002 eon'jecturoe
1951 3919 2127 3980 nimis

214 4023 559 4103 indulgent,
604 4041 711 4083 eos
750 4021 1068 4103 proclivius
1118 4029 1211 4082 est
1251 4021 1313 4082 in
1356 4019 1523 4082 mille
1570 4039 1796 4082 errores
1837 4017 2125 4091 incidere,
2130 4065 2150 4072 -

212 4140 405 4202 quam
428 4139 610 4180 unam
633 4119 965 4180 veritatem.

302 4223 367 4282 7.
412 4217 515 4278 Ex
556 4217 651 4276 his
694 4224 897 4296 gentes
934 4213 1253 4278 nobiliores
1286 4213 1367 4277 ad
1408 4213 1613 4276 Rheni
1657 4213 1870 4294 ripam,
1913 4217 2128 4292 praeter

220 4335 377 4395 quas
416 4315 479 4375 in
506 4312 730 4374 Gallim
762 4312 1163 4394 descriptione
1187 4311 1513 4383 retulimus,
1553 4308 1776 4372 Batavi
1817 4327 1934 4369 non
1973 4306 2127 4367 mul·

220 4421 353 4474 tum
396 4433 477 4474 ex
508 4414 661 4494 ripa,
696 4409 807 4473 sod
844 4410 1101 4473 insulam
1135 4409 1341 4474 Rheni
1376 4410 1567 4472 amnis
1602 4407 1902 4480 colebant,
1929 4403 2130 4467 Cattis

2272 567 2452 634 ⁵013
