3300 5234
766 591 945 658 ⁶100
1735 607 1808 658 r.
1857 607 2052 656 mvn

1091 735 1397 812 manorum
1430 750 1661 812 auxilia
1693 751 2093 821 accessissent,
2115 735 2312 811 (ἰωὴ-ο,
2345 749 2504 810 intre
2535 750 2791 830 spatium
2823 751 2994 830 quin-

1088 847 1287 908 decim
1334 847 1581 908 millium
1626 866 1666 906 a
1710 846 2005 906 Romanis
2053 847 2262 908 castris
2311 855 2644 927 posuerant.
2755 845 2994 908 Horum

1087 945 1337 1007 consilio
1374 945 1635 1026 cognito,
1673 945 1996 1016 Labienus,
2035 945 2406 1005 occasionem
2435 943 2769 1004 dimicandi
2801 965 2865 1004 se
2905 945 2994 1004 in·-

1087 1051 1399 1103 venturum
1450 1061 1716 1123 sperans,
1766 1060 1904 1100 cum
1953 1040 2216 1122 quinque
2267 1049 2330 1100 et
2370 1040 2580 1119 viginti
2632 1041 2994 1110 cohortibus,

1083 1157 1414 1219 magnoque
1456 1157 1700 1198 numero
1741 1137 2030 1216 equitum,
2075 1137 2314 1197 obviam
2359 1155 2648 1216 egressus,
2693 1157 2810 1196 non
2865 1157 2994 1198 am·

1082 1234 1240 1316 plius
1278 1235 1444 1295 mille
1481 1251 1760 1315 passuum
1795 1232 2006 1292 relicto
2045 1233 2262 1314 spatio,
2298 1232 2585 1293 consedit.

1160 1337 1222 1393 6.
1259 1331 1426 1392 Inter
1450 1340 1698 1410 utraque
1723 1337 1920 1390 castre.
1942 1327 2158 1388 flumen
2185 1330 2499 1409 praeruptis
2523 1329 2666 1410 ripis
2691 1329 2992 1390 intererat.

1082 1427 1401 1488 Mosellam
1436 1427 1613 1487 fuisse
1648 1433 2104 1487 consentaneum
2143 1434 2254 1485 est.
2337 1424 2416 1484 Id
2457 1424 2674 1485 flumen
2699 1434 2824 1486 tarn
2851 1447 2992 1508 pro-

1078 1525 1301 1605 pinquo
1340 1523 1504 1583 hoste
1546 1542 1738 1602 neque
1775 1523 1898 1602 ipse
1935 1531 2064 1582 erat
2097 1521 2467 1591 transiturus,
2496 1541 2606 1581 nec
2645 1521 2864 1582 Gallos
2897 1544 2989 1583 re-

1074 1621 1271 1681 batur.
1376 1620 1614 1681 Idcirco
1657 1629 1726 1680 ut
1761 1619 2004 1680 eliceret
2045 1617 2298 1690 hostem,
2339 1628 2672 1681 convocato
2714 1621 2991 1708 consilio,

1014 1719 1023 1732 ¹
1076 1716 1278 1798 palam
1314 1717 1375 1777 in
1408 1718 1564 1776 hunc
1594 1735 1830 1788 pensum
1867 1715 2176 1776 disseruit:
2225 1725 2244 1751 ⁴
2272 1733 2410 1776 cum
2445 1716 2788 1797 propediem
2831 1719 2986 1778 affu—

1074 1815 1193 1874 turi
1244 1813 1531 1875 Germani
1580 1814 1943 1883 nuntientur,
1983 1833 2048 1872 se
2099 1832 2224 1872 rem
2275 1813 2335 1872 in
2387 1821 2618 1872 tuntum
2669 1813 2986 1876 discrimen

1073 1909 1517 1971 commissurum
1566 1929 1686 1970 non
1737 1929 1881 1970 eme.
1981 1909 2198 1969 Parati
2251 1909 2574 1989 intentique
2625 1910 2702 1970 nd
2753 1912 2984 1990 signum

1072 2027 1277 2068 omnes
1338 2017 1556 2077 essent,
1606 2015 1676 2066 ut
1723 2004 2002 2086 postridie
2053 2007 2242 2085 prime
2303 2005 2436 2066 luce
2495 2005 2985 2086 proficiscantur.'

1072 2103 1260 2170 Quod
1292 2123 1509 2182 magna
1544 2101 1860 2162 Gallorum
1897 2102 2162 2182 equitum
2187 2100 2504 2163 multitudo
2529 2104 2590 2162 in
2617 2104 2822 2164 cestris
2861 2105 2979 2166 Le-

956 2259 963 2268 ,
1068 2201 1229 2262 bieni
1273 2210 1425 2272 erut,
1470 2221 1562 2260 res
1604 2201 1724 2260 cito
1766 2198 2029 2260 defertur
2073 2197 2152 2259 ad
2195 2199 2412 2260 hostes.
2517 2199 2638 2260 Sed
2685 2201 2984 2267 Labienus

1066 2287 1247 2358 noctu
1288 2299 1539 2358 tribunis
1578 2297 1834 2358 militum
1871 2297 2166 2378 primique
2205 2296 2318 2377 pili
2359 2297 2797 2358 centurionibus
2831 2319 2978 2360 con-

1066 2393 1263 2455 silium
1308 2415 1477 2456 suum
1526 2397 1812 2477 exponit:
1861 2404 1879 2431 ⁶
1909 2394 2023 2458 sibi
2071 2395 2131 2454 iu
2172 2394 2370 2463 animo
2409 2414 2557 2465 esse,
2599 2395 2976 2457 simulatione

1066 2492 1291 2553 timoris
1315 2493 1521 2554 fallere
1544 2492 1796 2563 hostem,
1823 2501 1910 2564 ut,
1937 2511 2054 2552 non
2079 2493 2414 2572 expectatis
2439 2491 2754 2554 Germanis
2783 2501 2972 2554 train-

1035 2621 1041 2632 ·
1066 2597 1170 2650 eat
1191 2588 1430 2663 flumen,
1458 2589 1653 2650 alieno
1677 2590 1814 2650 loco
1837 2588 2285 2667 congressurus?

1145 2691 1205 2750 ⁷.
1249 2685 1463 2764 Igitur,
1506 2688 1757 2766 majore,
1803 2703 1983 2765 quam
2031 2703 2179 2764 opus
2230 2691 2338 2744 aut
2386 2684 2750 2745 consuetudo
2791 2696 2968 2756 esset,

1056 2783 1308 2862 strepitu
1354 2784 1529 2843 motis
1568 2783 1800 2852 castris,
1835 2801 1973 2841 cum
2011 2779 2074 2840 id
2115 2801 2353 2860 quoque
2393 2782 2594 2840 subito
2637 2782 2972 2844 nuntiatum

1056 2879 1322 2940 hostibus
1347 2875 1523 2950 esset,
1543 2878 1620 2939 ad
1644 2876 2066 2958 insequendum
2089 2897 2192 2936 eos
2215 2875 2489 2937 illiciunt.
2555 2875 2679 2958 Spe
2699 2879 2968 2940 victoriae

1056 2975 1411 3056 praedaeque,
1450 2984 1514 3036 et
1552 2995 1628 3035 ne
1668 2973 1914 3053 fugienti
1951 2973 2184 3034 scilicet
2221 2972 2502 3034 Romano
2537 2975 2794 3054 spatium
2827 2995 2966 3036 eva.-

1054 3072 1235 3132 dendi
1275 3073 1507 3144 darent,
1556 3071 1770 3132 flumen
1819 3069 2344 3150 transgrediuntur.
2428 3069 2508 3130 Id
2551 3072 2656 3131 nbi
2699 3091 2779 3131 ex
2824 3079 2966 3132 voto

1054 3179 1233 3250 atque
1278 3169 1694 3250 expectatione
1744 3169 1992 3228 Labieni
2038 3168 2300 3228 factum:
2345 3177 2364 3203 ⁴
2390 3155 2705 3250 Habetis:
2747 3169 2962 3250 inquit,

1054 3275 1072 3302 ‘
1102 3264 1340 3336 milites,
1366 3285 1547 3346 quem
1588 3265 1928 3346 postulastis
1969 3263 2270 3346 pugnandi
2306 3264 2562 3343 copiam,
2597 3272 2662 3324 et
2697 3272 2766 3324 ut
2798 3264 2964 3326 locus

1050 3381 1157 3442 pro
1194 3363 1364 3422 nobis
1398 3371 1551 3423 esset
1588 3362 1844 3422 feliciter
1883 3371 2148 3422 curatum
2185 3370 2292 3421 est.
2377 3360 2510 3436 Vos
2543 3359 2745 3431 modo,
2779 3381 2961 3441 quam

1046 3458 1269 3528 soletis,
1297 3479 1537 3538 operam
1574 3468 1852 3539 proestare
1887 3458 2310 3518 memineritis.’
2395 3454 2500 3519 Sic
2537 3477 2820 3518 converso
2855 3477 2960 3537 sg-

1046 3555 1227 3624 mine,
1270 3575 1406 3614 cum
1452 3556 1708 3636 impetus
1749 3555 1809 3613 in
1845 3551 2126 3613 Treviros
2163 3551 2332 3612 fieret
2351 3573 2369 3622 3
2415 3551 2530 3623 illi,
2572 3555 2838 3614 novitate
2871 3557 2958 3616 rei

1046 3650 1303 3722 attoniti,
1324 3671 1397 3710 ne
1424 3652 1673 3731 primum
1699 3649 1938 3729 quidem
1964 3649 2406 3729 impressionem
2427 3649 2706 3710 tulerunt.
2763 3649 2956 3730 Equi-

1043 3755 1203 3808 tatus
1228 3747 1517 3808 immissus
1541 3746 1621 3807 ad
1644 3747 1848 3828 sylvas
1874 3745 2226 3824 fugientium
2253 3746 2550 3824 ingentem
2573 3745 2800 3807 caedem
2825 3746 2954 3808 edi-

716 3839 862 3956 cnv·
887 3842 1018 3908 Epit.
1042 3843 1151 3904 dit.
1238 3843 1341 3904 Ita
1378 3852 1571 3904 motus
1600 3843 1975 3904 Trevirorum
2011 3859 2324 3921 repressus,
2358 3842 2572 3902 civitas
2611 3862 2650 3902 a
2685 3841 2952 3904 Labieno

762 3921 847 3959 ⁸⁸⁹
1042 3947 1299 4022 recepta.
1384 3937 1695 4010 Germani,
1733 3939 1836 4018 qui
1877 3938 2106 3998 auxilio
2143 3938 2480 4010 veniebant,
2519 3936 2726 4000 audita
2763 3959 2852 4009 re,
2884 3948 2954 3999 ut

1040 4046 1170 4096 erat
1207 4045 1394 4114 gesta,
1420 4035 1663 4097 domum
1697 4035 1936 4114 regreoei
1975 4043 2130 4094 sunt.
2214 4033 2374 4094 Cum
2399 4035 2473 4094 iis
2499 4036 2812 4116 propinqui
2840 4034 2950 4095 In-

1038 4133 1355 4195 dutiomari
1392 4142 1553 4194 trans
1588 4131 1872 4193 Rhenum
1908 4133 2235 4193 abiverunt.
2318 4130 2602 4192 Civitatis
2641 4131 2948 4212 imperium

1042 4230 1434 4309 Cingetorigi,
1460 4249 1639 4310 quem
1663 4230 1742 4290 ob
1767 4229 2028 4289 studium
2051 4249 2194 4308 erge
2222 4227 2532 4290 Romanos
2563 4215 2732 4290 socer
2757 4227 2948 4290 Indu-

1038 4327 1319 4387 tiomarus
1342 4346 1527 4406 nuper
1552 4327 1889 4407 expulerat,
1915 4335 2005 4386 est
2029 4325 2330 4386 traditum.

1117 4431 1175 4484 8.
1219 4421 1419 4484 Victis
1458 4424 1537 4484 sd
1574 4424 1731 4484 hunc
1773 4421 2012 4484 modum
2051 4421 2329 4496 Treviris,
2368 4422 2575 4484 Caesar
2609 4421 2684 4484 de
2723 4421 2944 4484 Rheno
