3300 5234
683 504 690 513 '
736 522 916 593 5156

732 1644 946 1723 Appia.

729 1839 930 1903 Patron.

755 2902 889 2958 Plin.

719 2984 861 3022 ινιτ.
881 2976 933 3021 6.

743 3584 856 3639 Val.
874 3586 1016 3639 Max.

712 3664 833 3702 vm.
858 3655 938 3703 1⁸.

741 3730 874 3833 1332..

711 3858 811 3894 vn.
831 3848 918 3896 ⁴8.

710 3906 823 3957 Val.
843 3911 984 3966 Max.

709 3970 829 4023 Dio.

705 4434 829 4487 Cer.

1715 543 1786 595 'l'-
1828 544 2025 594 mvn

1061 684 1258 749 detur.
1338 684 1509 747 Nam
1546 694 1610 747 et
1639 686 1905 769 quicum
1934 694 2065 749 tota
2089 685 2321 748 familia
2358 682 2833 767 egrediebantur,
2858 680 2961 747 de·

1059 790 1297 864 sperato
1321 783 1538 855 reditu,
1563 785 1672 845 vix
1705 792 1983 866 poterant
2006 784 2085 844 ab
2120 793 2386 844 extremo
2412 782 2620 865 patriae
2642 790 2969 877 conspectu

1061 878 1281 940 avelli:
1323 887 1388 941 et
1420 882 1525 961 qui
1560 901 1698 943 suos
1730 872 2164 960 relinquebant,
2196 880 2331 962 plus
2365 880 2757 959 angebantur,
2782 880 2967 939 caris-

1059 976 1212 1037 sima
1260 978 1507 1059 pignora
1551 999 1693 1039 mox
1745 979 1807 1039 in
1854 984 2143 1060 potestate
2186 980 2319 1059 ejus
2361 976 2563 1037 futura
2600 985 2965 1056 reputantes,

1057 1082 1267 1134 contra
1299 1094 1476 1156 quem
1511 1077 1622 1157 ipsi
1660 1076 1879 1137 ferrum
1917 1077 2285 1156 stringerent.
2369 1074 2565 1135 Plebs
2598 1082 2800 1134 autem
2828 1072 2959 1133 Ro-

1058 1186 1236 1229 mana
1259 1172 1520 1233 consiliis
1545 1173 1841 1253 armisque
1866 1173 2097 1244 orbam,
2113 1180 2177 1232 et
2194 1172 2531 1252 expositam
2558 1167 2811 1229 lubidini
2836 1170 2963 1231 vic-

1053 1265 1198 1325 toris
1219 1266 1450 1327 Urbem
1469 1278 1767 1350 reputans,
1788 1268 2146 1348 superiorum
2172 1268 2437 1328 civilium
2456 1265 2750 1327 bellorum
2776 1264 2960 1337 mala,
3044 1332 3053 1339 ,

1053 1357 1438 1443 direptiones,
1471 1364 1689 1436 caedes,
1724 1363 1999 1424 incendia
2040 1364 2432 1444 loquebaturz
2476 1362 2685 1441 majori
2726 1361 2957 1433 timore,

1055 1455 1218 1535 quod
1254 1477 1293 1518 a
1329 1454 1568 1521 Coesare
1593 1479 1813 1541 magna
1846 1460 2230 1519 barbarorum
2255 1458 2480 1520 adduci
2516 1452 2838 1518 multitudo
2862 1456 2961 1517 di-

1053 1560 1306 1615 ceretur.

1119 1654 1222 1709 48.
1249 1648 1685 1728 Aggravabant
1708 1654 2121 1735 augebantque
2136 1654 2439 1713 horrorem
2464 1652 2745 1713 nuntiata
2770 1672 2959 1733 nuper

1055 1743 1328 1823 prodigia
1375 1766 1619 1808 numero
1661 1757 1725 1810 et
1774 1749 2043 1811 foeditate
2096 1750 2407 1811 terribilia.
2489 1749 2661 1810 Nam
2712 1750 2775 1810 in
2825 1750 2959 1829 ipsa

1055 1840 1228 1902 Urbe
1258 1841 1387 1923 lupi
1412 1852 1761 1926 noctuaeque
1786 1847 2123 1929 sreqnentes
2146 1852 2579 1928 apparuerant:
2616 1848 2954 1925 sanguinent

1049 1937 1291 2019 pluviae,
1315 1948 1486 2000 terrae
1511 1950 1705 2003 monis
1728 1946 1919 2005 crebri
1942 1966 2079 2005 cum
2103 1944 2451 2025 mugitibus,
2490 1945 2673 2005 etiam
2708 1944 2953 2015 Rome,

1049 2035 1496 2097 simulacrorum
1519 2039 1782 2114 sudores,
1810 2043 2015 2103 multis
2040 2062 2117 2105 ex
2144 2041 2292 2103 locis
2316 2042 2759 2103 nuntiabantur.
2828 2039 2953 2101 Sed

1049 2138 1114 2191 et
1153 2130 1262 2193 fax
1309 2134 1388 2194 ab
1433 2136 1745 2199 occidente
1790 2138 1850 2199 in
1896 2140 2181 2201 orientem
2208 2139 2369 2201 ‘ferri
2415 2148 2739 2221 conspecta
2778 2150 2953 2200 erat:

1049 2228 1242 2291 multa
1266 2230 1409 2291 fana
1427 2232 1677 2295 fulmine
1702 2245 1902 2307 tacta3
1932 2238 2125 2319 ipsum
2148 2236 2539 2320 Capitolium,
2568 2238 2673 2297 ubi
2696 2245 2761 2297 et
2782 2256 2953 2318 scep-

1047 2336 1204 2386 trum
1245 2326 1418 2390 Jovis
1450 2338 1516 2391 et
1542 2333 1717 2413 galea
1754 2334 1973 2395 Martis
2007 2355 2283 2417 percussa
2322 2342 2479 2408 suut,
2526 2334 2787 2416 itemque
2828 2354 2955 2396 sera

1047 2419 1265 2501 legum.
1345 2426 1631 2491 AEdificia
1681 2432 1896 2505 multa,
1943 2454 2077 2513 quae
2125 2433 2276 2493 inter
2316 2442 2379 2493 et
2430 2432 2675 2499 Quirini
2716 2432 2949 2505 fanum,

1045 2519 1320 2582 incendio
1358 2523 1590 2589 hausta.
1677 2527 1786 2590 Sol
1830 2538 1989 2589 totus
2031 2530 2378 2589 obscuratus
2424 2537 2534 2589 eet.
2620 2526 2951 2589 Mousti-osi

1044 2615 1390 2680 animalium
1431 2634 1632 2703 partus
1668 2625 1850 2687 editi:
1908 2626 2165 2687 minacia
2198 2626 2465 2687 carmina
2497 2646 2605 2707 pro
2632 2624 2953 2706 Sibyllinis

1041 2710 1324 2791 ngfltffl
1371 2722 1709 2802 passimque
1732 2722 1927 2784 furore
1944 2725 2197 2805 correpti
2217 2723 2349 2784 dira
2368 2721 2559 2783 multa
2582 2724 2949 2785 cecinerunt.

1045 2804 1123 2867 In
1149 2808 1423 2873 Cumano
1449 2817 1622 2877 arbor
1640 2819 1928 2892 subsedit,
1954 2821 2159 2901 paucis
2182 2820 2362 2879 ramis
2384 2818 2797 2881 eminentibus.
2840 2818 2947 2880 Ob

1041 2923 1177 2965 eam
1203 2926 1324 2969 rem
1351 2910 1502 2971 aditi
1528 2912 1689 2986 libri,
1718 2926 2131 2997 repertumque
2158 2916 2617 2977 internecionem
2640 2916 2946 2979 hominum

1041 3000 1192 3075 fore,
1219 3012 1504 3088 tantoque
1538 3004 1849 3091 majorem,
1885 3023 2116 3095 quanto
2150 3015 2389 3096 propius
2420 3012 2501 3074 ab
2540 3012 2711 3073 Urbe
2748 3023 2943 3075 osten-

1041 3106 1170 3159 tum
1189 3098 1414 3161 factum
1440 3114 1615 3167 esset.

1120 3202 1224 3257 49.
1267 3195 1394 3259 Sed
1426 3210 1492 3263 et
1519 3205 1815 3267 ominibus
1848 3226 2099 3268 accensa
2127 3216 2221 3266 est
2242 3206 2421 3267 moris
2445 3207 2673 3289 antiqui
2702 3216 2941 3290 prater-

1039 3291 1264 3365 missio,
1288 3296 1451 3375 quod
1486 3300 1687 3362 nullus
1722 3301 2000 3364 feriarum
2033 3300 2378 3363 Latinarum
2415 3322 2599 3365 causa
2626 3302 2941 3385 praefectus

1041 3384 1200 3449 Urbi
1226 3402 1461 3455 creatus
1485 3395 1636 3458 fuit:
1680 3398 1862 3480 idque
1894 3419 2047 3461 anno
2076 3407 2359 3479 sequente
2394 3400 2613 3481 paritet
2635 3400 2939 3473 ominam-

1037 3483 1201 3545 vices
1243 3488 1510 3567 praefecti
1561 3496 1911 3575 praetoribus
1962 3494 2195 3555 interim
2246 3495 2621 3556 obeuntibus.
2704 3495 2939 3559 Eodem

1039 3598 1196 3641 anno
1224 3582 1318 3643 Μ.
1345 3586 1663 3670 Perperna
1696 3601 1959 3653 mortuus
1994 3600 2104 3666 est,
2130 3592 2479 3652 novissimus
2501 3592 2761 3654 omnium
2784 3614 2941 3675 quos

1037 3681 1245 3741 consul
1285 3682 1346 3741 in
1385 3694 1592 3746 senatu
1631 3690 1986 3750 sententiam
2023 3697 2369 3769 rogaverat:
2412 3709 2603 3769 neque
2635 3688 2770 3769 plus
2802 3710 2937 3772 sep-

1035 3784 1159 3835 tem
1186 3778 1246 3837 in
1271 3780 1398 3841 vita
1429 3783 1675 3865 reliquit
1696 3806 1774 3847 ex
1814 3788 1907 3858 iis,
1934 3807 2083 3867 quos
2116 3794 2255 3845 ante
2290 3786 2600 3867 septimum
2624 3796 2688 3847 et
2710 3788 2933 3847 tricesi-

1035 3890 1198 3933 mum
1240 3894 1460 3938 annum
1498 3900 1636 3942 cum
1680 3880 1751 3943 L.
1800 3884 2091 3964 Philippo
2128 3900 2335 3942 censor
2368 3882 2429 3943 in
2466 3892 2735 3943 senatum
2774 3882 2934 3963 lege-

1034 3978 1146 4029 rat.
1231 3970 1330 4033 Ea
1357 3994 1594 4056 quoque
1639 3998 1756 4051 res,
1800 3978 2298 4061 quemadmodum
2336 3987 2399 4038 et
2438 3986 2633 4040 cetera
2668 3998 2801 4060 quae
2829 3999 2932 4040 ac—

1032 4066 1323 4142 ciderant,
1366 4070 1544 4135 finem
1579 4084 1841 4150 senatus,
1880 4077 2381 4156 mutationemque
2418 4076 2762 4157 reipublicae
2800 4078 2933 4139 visa

1033 4165 1402 4245 portendere.

1115 4266 1216 4322 50.
1260 4262 1338 4323 In
1366 4266 1482 4327 hoc
1507 4277 1671 4329 metu
1706 4289 1843 4330 cum
1882 4268 2145 4350 plerique
2180 4268 2499 4330 mittendos
2523 4268 2603 4331 ad
2630 4269 2931 4335 Caesarem

1032 4354 1261 4437 legatos
1283 4360 1574 4437 dicerent,
1589 4386 1707 4427 non
1732 4369 2027 4428 abnuente
2052 4368 2374 4449 Pompeio,
2396 4368 2541 4447 quin
2564 4376 2626 4427 et
2644 4367 2931 4431 mandata

1031 4454 1244 4535 privati
1269 4456 1448 4521 officii
1472 4462 1752 4537 addente,
1782 4463 1853 4527 L.
1882 4456 2111 4541 omer,
2135 4466 2307 4545 cujus
2338 4474 2514 4546 pater
2539 4463 2769 4546 leg-atus
2792 4478 2925 4530 erat
