3300 5234
805 551 984 630 3872
1772 574 1851 626 τ.
1894 571 2084 624 mvn

1131 716 1352 790 tonius,
1403 717 1789 800 pra-entibus
1848 718 2275 800 acquiesceret,
2326 717 2455 799 ipse
2502 717 2756 783 minime
2790 717 3049 800 cupidus

1132 815 1337 897 pacis·
1379 814 1487 876 sed
1527 835 1602 876 ne
1646 813 1909 896 Lepidus
1942 822 2223 886 armatum,
2256 833 2321 876 se
2361 813 2619 886 infirmo,
2652 835 2804 876 unus
2840 817 3049 880 onmia

1131 919 1400 998 posset.
1413 953 1419 960 -

809 1015 1025 1086 Appian-
1145 1061 1158 1074 ,
1217 1017 1356 1074 100.
1403 1009 1915 1072 Descendentibus
1936 1029 1973 1070 e
2000 1008 2305 1093 Capitolio
2331 1007 2681 1092 applausum
2715 1017 3047 1090 atqueae-

1131 1106 1458 1183 clamatum
1477 1117 1606 1169 est:
1641 1117 1705 1170 et
1718 1108 2082 1179 consulibua,
2106 1108 2309 1170 nescio
2324 1107 2493 1188 quid,
2512 1107 2935 1188 incipientibus
2952 1107 3051 1170 di·

1133 1223 1294 1277 oere,
1321 1203 1707 1286 postulatum,
1732 1213 1752 1242 ⁶
1776 1205 1865 1266 uti
1891 1205 2055 1287 prius
2076 1205 2321 1273 dextras
2340 1203 2557 1265 darent
2580 1203 2835 1264 invicem
2858 1213 3050 1284 atquc

1133 1301 1695 1370 reconciliarentur:
1777 1299 1933 1362 Inde
1964 1309 2155 1364 metus
2178 1300 2417 1362 incenit
2440 1299 2737 1371 consules,
2760 1319 2839 1360 ne
2860 1300 3053 1381 paulo

1133 1407 1270 1479 post
1290 1415 1697 1480 percussorum
1722 1397 1907 1460 factio
1930 1399 2187 1478 majores
2208 1415 2390 1478 quam
2414 1396 2528 1477 ipsi
2554 1395 2711 1458 vires
2732 1395 3050 1460 obtineret.

1136 1491 1491 1556 salutarunt
1511 1504 1709 1557 tamen
1734 1514 1943 1556 omnes
1968 1494 2245 1565 invicem,
2260 1492 2683 1576 complexique
2708 1503 2847 1554 mint
2860 1494 3052 1556 comi-

1133 1599 1227 1652 ter
1247 1611 1266 1650 =
1307 1599 1372 1652 et
1405 1592 1486 1654 ab
1525 1590 1798 1653 Antonio
1837 1590 2103 1662 Cassius,
2148 1611 2187 1652 a
2222 1589 2455 1672 Lepido
2488 1585 2665 1652 affine
2702 1589 2934 1652 Brutus
2972 1589 3052 1652 ad

805 1705 940 1758 Plut.
955 1703 1100 1756 Brut.
1136 1705 1367 1750 coenam
1410 1687 1667 1749 invitati.
1751 1686 2001 1748 Ceteros
2044 1685 2251 1760 etiam,
2296 1695 2367 1748 ut
2412 1687 2627 1767 cuique
2668 1685 3055 1750 familiaritas

812 1803 934 1858 Dio.
1138 1793 1244 1846 aut
1267 1783 1639 1848 necessitudo
1662 1792 1814 1857 erat,
1842 1785 1949 1847 alii
1972 1793 2274 1848 senatores
2298 1791 2683 1865 exceperunt.
2766 1783 2871 1846 Ibi
2900 1781 3055 1846 Cas-

1137 1881 1313 1954 sium,
1339 1883 1490 1944 inter
1523 1882 1929 1945 convivalium
1962 1901 2293 1946 sermonum
2327 1881 2769 1965 simplicitatem
2806 1881 3054 1952 interm-

1140 1987 1346 2060 gatum
1383 1980 1463 2040 ab
1507 1979 1805 2052 Antonio,
1844 1989 1864 2018 ⁶
1884 1999 2027 2042 num
2066 1978 2265 2052 adhuc
2300 1979 2617 2060 pugionem
2658 1977 2915 2042 haberet
2942 1979 3055 2045 sub

1141 2075 1318 2148 ⁸1:23⁹
1376 2077 1741 2158 respondisse
1788 2076 2004 2148 ferunt,
2058 2084 2079 2114 ‘
2110 2075 2197 2138 Et
2238 2075 2649 2138 acutissimum
2691 2073 2963 2156 quidem,
3004 2075 3057 2138 ι’

815 2199 1108 2254 1:102,qu
1143 2182 1208 2237 et
1228 2181 1296 2232 tu
1321 2173 1570 2234 affectas
1593 2173 2012 2254 tyrannidem.'
2052 2170 2399 2243 Postridie,
2416 2171 2593 2234 simul
2620 2179 2803 2252 atque
2828 2170 3057 2245 illuxit,

1141 2277 1381 2330 senatus
1402 2277 1493 2330 est
1520 2270 1783 2342 habitus,
1808 2277 2243 2350 praesenteque
2271 2267 2495 2330 Brutus
2528 2276 2591 2328 et
2626 2267 2873 2328 Cassius
2896 2277 3059 2340 cete-

1137 2366 1310 2447 rique
1331 2365 1562 2436 laudati
1585 2374 1745 2438 sunt,
1772 2367 1961 2445 iisque
1984 2366 2305 2447 provinciae
2322 2364 2602 2436 decretae,
2627 2383 2778 2445 quas
2800 2365 2893 2424 eis
2918 2365 3058 2430 Ca-

850 2490 1071 2556 Appm,
1139 2483 1237 2522 aar
1259 2481 1337 2522 ex
1364 2471 1624 2544 proetura
1647 2461 2067 2532 destinaverat,
2102 2461 2467 2522 Macedonia
2490 2469 2554 2524 et
2578 2459 2781 2542 Syria.
2848 2459 2977 2524 Sed
3001 2469 3063 2524 et

817 2555 927 2605 Liv.
945 2573 1038 2610 ιιι.
1141 2560 1301 2630 Asia
1323 2558 1646 2632 Trebonio,
1679 2560 1972 2642 Bithynia
2002 2558 2536 2620 Cimbro-decreta.
2624 2557 2897 2618 Galliam
2926 2558 3063 2620 Cis·

1141 2655 1406 2738 alpinam
1432 2656 1519 2717 D.
1547 2656 1775 2718 Brutus
1808 2677 1887 2718 ex
1915 2656 2311 2718 destinatione
2338 2654 2597 2716 Cnemis
2622 2655 2888 2716 retinuit.

1221 2761 1366 2818 101.
1409 2754 1733 2817 Hactenus
1757 2755 1955 2816 omnia
1978 2753 2122 2814 satis
2146 2754 2475 2835 composita
2500 2761 2681 2833 atque
2708 2773 2922 2814 serena
2948 2772 3061 2834 ap·

1141 2857 1482 2932 paruerunt.
1567 2850 1693 2911 Sed
1728 2850 2021 2922 celeriter,
2050 2849 2207 2910 unde
2246 2869 2363 2912 nou
2400 2849 2863 2930 expectabatur,
2900 2857 3065 2912 mota

1141 2955 1482 3028 tempestas,
1506 2937 1677 3008 noris
1700 2947 2031 3009 turbinibus
2058 2956 2241 3027 atque
2268 2944 2549 3029 procellis
2574 2945 2887 3014 inhorruit.
2963 2943 3062 3006 De

1141 3053 1496 3106 testamento
1521 3047 1785 3125 itemque
1808 3045 2115 3125 sepultura
2140 3043 2399 3106 caesaris
2422 3044 2729 3122 agebatur.
2813 3041 3066 3106 ean-iu·

856 3147 947 3198 cic
950 3147 1044 3199 ,αἱ
1146 3142 1380 3222 utrique
1419 3143 1792 3224 repugnabat
1824 3141 2356 3213 vehementissime,
2383 3149 2548 3202 ratus
2584 3139 2749 3220 quod
2784 3161 2880 3202 res
2912 3151 3067 3216 erat.

822 3210 1050 3328 *¹⁸3¹‘02‘w
995 3246 1078 3329 14⁰
1147 3238 1366 3318 perisse
1403 3257 1673 3308 causam,
1696 3237 1993 3318 siquidem
2026 3236 2131 3298 ille
2166 3235 2371 3300 funere
2405 3236 2602 3298 elatus
2630 3245 2827 3306 esset3
2884 3245 2953 3300 et
2994 3238 3068 3306 L.

859 3343 1086 3392 Luctant.
1152 3333 1396 3394 Pisonis
1420 3343 1600 3415 atque
1633 3333 1705 3394 L.
1734 3332 1991 3396 Caesaris
2018 3335 2371 3398 sententiam
2402 3332 2713 3405 laudabat,
2738 3335 2845 3414 qui
2880 3353 3068 3417 nuper

829 3411 974 3458 ”⁸¹⁵
1150 3448 1288 3489 cum
1313 3427 1524 3490 eadem
1563 3429 1640 3489 de
1678 3450 1743 3490 re
1779 3439 2159 3511 quaereretur,
2192 3450 2534 3511 quanquam
2570 3428 2727 3493 alter
2756 3449 2929 3492 socer
2962 3431 3067 3494 de-

1152 3525 1366 3598 functi,
1394 3526 1545 3590 alter
1571 3526 1807 3607 gentilis
1828 3536 2007 3600 esset,
2032 3527 2209 3588 funus
2232 3525 2361 3590 fieri
2384 3529 2756 3591 vetuissent:
2796 3529 2847 3588 si
2868 3537 3069 3592 umen

825 3631 962 3686 Plut.
1153 3643 1232 3684 ea
1254 3623 1499 3691 Pisonis
1521 3624 1816 3686 sententia
1841 3623 1976 3684 fuit.
2060 3623 2344 3686 Ceterum
2374 3625 2621 3696 Brutus,
2647 3625 2889 3704 ingenio
2910 3625 3071 3688 miti·

1155 3731 1218 3782 et
1241 3720 1597 3792 moderatus,
1625 3729 1939 3802 utrumque
1966 3722 2253 3804 permisit.

865 3849 1067 3898 Sueto„
1239 3824 1380 3880 102.
1420 3816 1869 3880 Testamentum
1904 3817 2085 3897 igitur
2120 3817 2397 3890 allatum,
2422 3816 2587 3899 quod
2622 3819 2911 3900 proximis
2940 3817 3067 3883 Idi·

833 3911 963 3965 Cos.
983 3931 1030 3966 e.
1052 3918 1134 3966 8³·
1157 3913 1270 3974 bus
1309 3913 1757 3998 Septembribus
1796 3915 1856 3974 in
1894 3913 2199 3979 Labicano
2236 3935 2347 3978 suo
2380 3914 2626 3988 fecerat,
2664 3915 3069 3978 demandaru-

1155 4020 1368 4092 ratque
1407 4012 1689 4074 maximae
1721 4009 1985 4084 Vestali,
2026 4010 2099 4073 L.
2127 4010 2355 4072 Pisone
2380 4011 2741 4094 postulante,
2780 4014 2845 4072 in
2886 4012 3069 4074 domo

1161 4107 1420 4170 Antonii
1459 4108 1721 4170 consulis
1760 4111 2037 4192 aperitur.
2124 4107 2461 4192 Scripserat
2498 4109 2765 4172 haeredes
2802 4129 3069 4174 sororum

1161 4213 1406 4286 nepotes
1437 4205 1512 4266 C.
1552 4205 1875 4268 Octavium
1914 4226 1993 4266 ex
2016 4205 2331 4278 dodrante,
2359 4206 2431 4267 L.
2458 4206 2797 4280 Pinarium,
2826 4207 2917 4276 Q.
2944 4205 3067 4267 Pe·

831 4325 1137 4380 vellanso.
1161 4301 1328 4366 dium
1353 4323 1430 4366 ex
1464 4303 1792 4383 quadrante
1828 4304 2097 4384 reliquo:
2140 4305 2200 4365 in
2241 4305 2365 4366 ima
2396 4325 2535 4366 cera
2570 4303 2647 4366 C.
2680 4304 2981 4369 Octavius
3008 4305 3065 4366 in

833 4393 1052 4462 Appias.
1161 4420 1374 4462 nomen
1415 4401 1849 4481 adoptabatur:
1894 4402 2208 4484 pluresque
2250 4423 2651 4485 percussorum
2684 4403 2747 4462 in
2778 4403 3066 4465 tutoribus
