3300 5234
715 510 893 579 5202
1321 540 1332 547 ·
1675 530 1747 581 τ.
1796 530 1989 609 mvn

1041 673 1306 735 omnium
1341 673 1520 736 modo
1553 683 1843 737 terrarum
1874 676 2256 757 gentiumque
2286 674 2579 748 dominos,
2608 672 2943 735 insolentis-

1041 768 1252 831 simum
1280 768 1582 833 dominum
1619 773 1768 854 pati.

1123 872 1186 931 7.
1229 878 1248 906 ⁸
1271 868 1430 928 Mihi
1447 878 1608 929 certe
1633 868 1823 929 fixum
1842 868 2261 948 decretumque
2284 876 2396 940 est,
2418 888 2537 928 non
2560 866 2739 929 modo
2760 886 2943 947 quam

1038 982 1272 1045 semper
1295 965 1357 1025 in
1381 966 1644 1046 imperiis
1684 964 1935 1046 praestiti
1974 964 2257 1026 adhibere
2282 966 2585 1037 virtutem,
2622 963 2819 1036 fidem,
2844 964 2943 1024 di-

1043 1057 1391 1139 ligentiam:
1435 1060 1540 1121 sed
1563 1062 1769 1132 etiam,
1795 1062 1845 1121 si
1868 1059 1997 1121 fieri
2022 1069 2240 1142 posset,
2262 1082 2479 1141 augere
2503 1061 2723 1131 omnia,
2748 1064 2943 1139 majo-

1042 1176 1228 1237 raque
1253 1166 1318 1217 et
1339 1158 1659 1218 intentiora
1678 1166 1977 1239 pra-tare.
2059 1155 2287 1237 Neque
2312 1177 2407 1218 me
2432 1159 2516 1219 sic
2540 1158 2816 1236 antiquus
2834 1157 2945 1220 ille

1037 1254 1276 1323 ,deseret
1300 1252 1572 1315 Deorum
1593 1255 1791 1326 favor,
1818 1263 1887 1313 ut
1904 1254 2270 1316 fortunatum
2294 1255 2355 1314 in
2382 1256 2671 1325 omnibus,
2696 1253 2942 1315 demum

1043 1352 1105 1411 in
1155 1354 1382 1433 optima
1423 1372 1607 1413 eausa
1641 1355 1849 1432 jaoere
1896 1354 2215 1433 patiantur.
2314 1352 2483 1414 Nam
2528 1352 2607 1413 de
2648 1362 2943 1433 apparatu

1043 1457 1262 1521 nostro,
1289 1469 1466 1530 quem
1487 1451 1675 1527 juxta
1708 1468 1937 1509 meeum
1974 1452 2160 1522 scitis,
2188 1450 2333 1531 quid
2374 1470 2527 1531 opus
2566 1458 2654 1511 est
2692 1449 2893 1511 dioere
2914 1450 2943 1509 ’ἒ

1041 1544 1164 1606 Tot
1187 1546 1408 1607 civium
1435 1546 1843 1607 Romanorum
1880 1546 2161 1626 legiones,
2190 1553 2281 1607 to't
2304 1550 2597 1609 sociorum
2618 1566 2821 1625 regum
2844 1555 2942 1607 at·-

1039 1660 1158 1721 que
1200 1644 1510 1705 civitatum
1547 1642 1801 1715 auxilia,
1842 1653 2025 1704 tantae
2064 1654 2191 1705 toto
2224 1646 2371 1705 mari
2412 1646 2645 1714 classes,
2670 1643 2943 1704 excitare

1041 1738 1140 1797 vel
1167 1740 1408 1817 ignavos
1443 1749 1703 1821 possent.
1785 1740 1920 1801 Vos
1950 1741 2153 1812 modo,
2180 1742 2343 1822 quod
2382 1741 2533 1803 felix
2569 1740 2943 1821 faustumque

1039 1836 1142 1906 sit,
1163 1856 1294 1896 eam
1322 1836 1602 1897 adhibete
1629 1857 1833 1899 euram
1860 1848 2040 1918 atque
2068 1840 2441 1910 industriam,
2468 1858 2643 1919 quam
2666 1846 2945 1918 tempora

1041 1942 1242 1995 nostra
1265 1943 1328 1995 et
1349 1934 1695 2014 reipublicae
1720 1936 2097 1997 desiderant!
2180 1936 2454 1997 Similem
2473 1934 2685 1996 deinde
2716 1934 2797 1995 ad
2822 1935 2939 1995 mi·-

1041 2028 1178 2091 lites
1217 2032 1321 2110 qui
1357 2030 1609 2091 aderant
1631 2034 1977 2093 concionem
2004 2033 2238 2106 habuit,
2265 2032 2411 2094 laeta
2444 2032 2699 2094 omnium
2732 2030 2941 2093 acela-

1039 2128 1322 2187 matione.

716 2224 898 2277 Lam.
1121 2230 1183 2283 8.
1227 2223 1458 2285 Eodem
1496 2234 1761 2307 tempore
1804 2226 2035 2287 laudati
2070 2228 2151 2287 ab
2189 2227 2303 2289 hoe
2340 2238 2543 2289 senatu
2582 2234 2723 2288 sunt
2743 2225 2941 2287 socio-

1042 2339 1172 2380 rum
1219 2322 1634 2402 promtissimi3
1677 2324 1954 2405 donaque
1998 2333 2063 2385 et
2102 2326 2355 2386 honores
2386 2325 2603 2386 decreti
2648 2323 2940 2397 Rhodiis,

1045 2416 1379 2501 Spartanis,
1427 2419 1919 2483 Atheniensibus.
2024 2411 2235 2505 thue
2283 2423 2739 2485 Massiliensium
2790 2422 2942 2485 fidei

715 2521 891 2588 Dim».
903 2530 1017 2579 1⁰6.
1039 2516 1201 2596 quod
1239 2528 1438 2599 posset
1481 2520 1785 2601 praemium
1824 2521 2188 2594 redderetur,
2236 2522 2582 2593 Phoeaeam,
2623 2522 2721 2582 cui
2766 2540 2943 2582 suam

747 2621 876 2672 cm.
895 2630 950 2674 et
1037 2614 1320 2693 originem
1339 2616 1600 2677 debebat
1625 2616 1925 2689 Massilia,
1954 2617 2201 2679 liberam
2228 2640 2356 2681 esse
2370 2622 2687 2699 jusserunt.
2750 2618 2945 2701 Cotyi

1037 2732 1297 2793 quoque,
1349 2715 1454 2793 qui
1507 2712 1793 2775 Sadalem
1843 2715 2031 2776 filium
2076 2738 2111 2777 e
2156 2718 2408 2780 Thracia
2450 2737 2587 2779 cum
2636 2717 2946 2798 equitibus

1037 2809 1372 2888 quingentis
1397 2812 1660 2884 miserat,
1689 2822 1841 2873 actae
1870 2816 2097 2894 gratiae,
2126 2816 2441 2897 reguloque
2469 2834 2715 2875 munera
2738 2816 2941 2879 missa.

1039 2902 1268 2967 Iisdem
1309 2908 1627 2969 honoribus
1652 2930 1759 2970 rex
1790 2910 2117 2992 Dejotarus
2144 2914 2389 2976 affectus
2410 2922 2523 2986 est,
2550 2916 2657 2994 qui
2688 2934 2943 2975 sexcen-

1035 3009 1131 3061 tos
1170 3002 1784 3086 adduxerat-equites,
1821 3018 1885 3068 et
1910 3008 2317 3093 Rhascipolis,
2344 3032 2517 3091 quem
2554 3012 2743 3071 secuti
2768 3020 2945 3072 erant

1035 3118 1116 3159 ex
1155 3100 1522 3163 Macedonia
1559 3103 1820 3166 ducenti.
1905 3106 2027 3167 Sed
2072 3108 2263 3169 effusa
2300 3108 2555 3169 maxime
2602 3109 2663 3168 in
2708 3106 2941 3169 ,Iubam

1035 3198 1237 3259 studia
1263 3198 1523 3272 fuerunt,
1551 3204 1646 3281 cuj
1656 3222 1725 3263 us
1750 3204 2000 3266 victoria
2036 3226 2313 3286 mag-nam
2340 3205 2536 3267 civilis
2562 3204 2707 3265 belli
2734 3204 2939 3286 profli-

730 3302 1012 3369 Eutrop.v1.
1035 3302 1237 3371 gatam
1287 3305 1514 3377 partem
1553 3298 1895 3361 credebant.
1997 3302 2364 3363 Ptolemaeus
2400 3321 2639 3384 quoque
2686 3301 2939 3363 Auletae

708 3371 934 3498 ffkmp'.
1036 3390 1218 3464 filius,
1245 3395 1344 3453 oui
1369 3403 1529 3454 tutor
1554 3397 1633 3456 ab
1655 3407 1863 3458 senatu
1890 3397 2067 3459 datus
2088 3400 2424 3481 Pompeius
2448 3400 2665 3472 fuerat,
2690 3418 2799 3460 rex
2824 3420 2937 3482 ap-

708 3496 890 3547 Lucan.
943 3563 956 3576 ο
1034 3489 1290 3570 pellatus
1327 3500 1450 3551 ωτι
1493 3512 1773 3573 sororque
1816 3495 2142 3578 Cleopatra
2178 3498 2470 3557 abstinere
2506 3516 2689 3576 regno
2722 3498 2933 3577 juaeaz

705 3561 1007 3677 ,ffffi·c¹'·
1033 3586 1197 3666 quod
1217 3608 1256 3647 a
1279 3590 1622 3669 propinquis
1645 3600 1709 3651 et
1734 3594 1941 3653 amicis
1967 3596 2133 3675 pueri
2158 3604 2445 3677 ereptum,
2474 3596 2552 3655 'in
2590 3594 2768 3676 Syria
2806 3593 2937 3655 col-

703 3691 816 3740 Liv.
851 3692 982 3757 Epit.
1033 3682 1272 3761 ligendo
1295 3686 1522 3766 copias,
1550 3688 1865 3767 repetitum
1890 3690 2038 3750 ibat.

705 3756 986 3874 χῗῗὴὲὁα
1113 3786 1174 3841 9.
1219 3778 1345 3841 His
1383 3782 1471 3841 ita
1509 3782 1814 3856 ordinatis,
1844 3786 2194 3867 Pompeius,
2220 3806 2357 3847 oum
2396 3788 2477 3849 ob
2512 3798 2751 3870 tempus
2793 3790 2937 3849 anni

706 3885 955 4001 Οῂριίιῐεω.
1031 3878 1498 3939 transmissurum
1521 3900 1685 3940 mare
1714 3881 2011 3943 Caesarem
2038 3904 2153 3944 non
2176 3885 2577 3958 arbitraretur,
2616 3886 2936 3948 Thessalo-

703 4020 822 4066 ⁴8⁰.
1028 3973 1180 4035 nioae
1197 3974 1475 4054 hyemare
1500 3978 1909 4039 constituerat.
1980 3980 2211 4039 Eadem
2230 3982 2432 4060 opinio
2461 3982 2755 4063 praefectis
2776 3982 2935 4044 olas-

705 4080 878 4143 Diem.
893 4084 1007 4133 112.
1029 4070 1178 4130 sium
1201 4071 1398 4132 fraudi
1425 4072 1559 4146 fuit,
1587 4096 1709 4155 quo
1738 4076 2133 4156 negligentius
2157 4077 2359 4139 littora
2383 4080 2769 4141 custodirent.
2833 4080 2932 4141 M.

703 4175 833 4226 Cu.
1035 4165 1289 4227 Bibulus
1313 4188 1496 4229 naves
1518 4180 1757 4232 eentum
1775 4172 1984 4234 decem
2014 4174 2295 4255 Corcyrae
2320 4176 2584 4237 habebat
2604 4196 2629 4237 ε·
2662 4175 2767 4237 sed
2788 4177 2935 4257 quia

1031 4282 1222 4344 neque
1263 4286 1444 4325 naves
1501 4276 1761 4341 ornatas,
1826 4290 2019 4352 neque
2073 4274 2321 4351 remiges
2359 4283 2600 4354 paratos
2638 4282 2930 4346 tenuerat,

1031 4360 1192 4440 prius
1217 4360 1294 4423 ad
1313 4362 1713 4426 continentem
1740 4365 1949 4429 Caesar
1970 4368 2226 4451 appulit,
2256 4388 2436 4450 quam
2459 4370 2685 4431 occurri
2708 4380 2929 4451 posset.
