3300 5234
769 935 891 988 Dio.

757 1197 889 1252 rint.

778 2399 983 2464 Joseph.

746 2463 871 2582 iA'nt.
896 2480 1012 2515 xxv.

763 2641 965 2708 Joseph.
982 2644 1049 2695 ib.

743 2714 797 2756 et
817 2708 880 2756 de
900 2709 965 2761 B.

743 2770 779 2820 J
784 2771 868 2821 ud.
886 2789 927 2822 r.
946 2779 997 2824 6.

738 2834 1012 2905 Here-11³1>-

746 2915 785 2952 1.
805 2905 889 2952 21.

758 2997 886 3050 Plin.
900 3015 951 3047 v.
964 3003 1051 3050 2⁸.

740 3069 797 3112 et
814 3063 1006 3122 strabo,

742 3143 859 3176 xvr.
874 3143 963 3192 pp.

738 3195 857 3242 us.
867 3202 919 3242 et
932 3197 1048 3245 ⁷8⁵.

737 3255 873 3307 run.

762 3320 966 3370 Lucina.
980 3320 1045 3371 de

737 3383 851 3450 Syr.
880 3385 1011 3437 Dea.

737 3449 926 3500 strabo.

761 3514 1041 3566 OvidMet.

740 3594 819 3630 xv.
841 3586 925 3632 ⁴⁵.

737 3643 941 3696 Lucina.

731 3707 875 3760 Pluto

738 3773 889 3822 Diod.
910 3789 973 3822 ιι.
992 3777 1041 3825 4.

738 3835 866 3902 Reg-
889 3855 927 3891 i.
952 3845 1003 3890 5.

738 3901 878 3957 Piut.

1745 577 1816 626 Τ.
1867 575 2056 626 mvn

1086 720 1403 802 majorum,
1442 739 1525 782 ex
1560 719 1780 782 levium
1818 730 2116 802 gestorum
2155 739 2428 782 successu
2463 715 2720 783 summos
2743 719 2994 805 adipisci

1087 819 1339 880 honores
1372 828 1732 900 properaret.

1166 923 1277 978 19:
1312 915 1455 994 Nec
1490 916 1648 977 enim
1686 917 2006 996 quicquam
2041 923 2331 996 proeterea
2367 925 2676 977 cruentum
2695 911 2819 976 'aut
2849 915 2991 976 bos-

1084 1011 1193 1072 tile
1219 1019 1348 1073 tota
1372 1031 1446 1073 ea
1470 1011 1778 1094 expeditio
1811 1012 2046 1083 habuit,
2073 1020 2282 1092 sponte
2309 1012 2388 1074 ad
2413 1033 2548 1072 eum
2571 1010 2994 1074 deficientibus

1084 1107 1306 1196 multis.
1368 1101 1593 1189 Neque
1616 1107 2023 1180 dubitabatur,
2044 1109 2187 1188 quin
2213 1129 2492 1188 magnum
2518 1129 2715 1189 operae
2739 1108 2990 1189 pretium

1080 1203 1339 1280 fecisset,
1374 1207 1425 1266 si
1466 1205 1680 1268 eodem
1713 1205 1938 1288 impetu
1981 1206 2132 1265 inter
2169 1213 2452 1268 terrorem
2487 1206 2871 1266 barbarorum
2907 1205 2988 1266 ad

1082 1301 1459 1384 Babylonem
1498 1313 1563 1363 et
1600 1302 1962 1375 Seleuciam,
1995 1303 2172 1363 urbes
2209 1321 2511 1384 nunquam
2550 1302 2830 1363 diuturna
2865 1301 2990 1362 fide

1079 1408 1329 1478 pacatus
1366 1401 1638 1473 Parthis,
1685 1401 1856 1480 sig-na
1891 1399 2175 1460 Romana
2207 1401 2612 1480 promovisset.
2695 1398 2820 1460 Sed
2859 1398 2988 1470 ille,

1079 1505 1389 1558 contentus
1431 1506 1641 1578 sponte
1679 1497 1922 1569 oblatis,
1949 1517 2023 1558 ne
2049 1497 2158 1558 illa
2183 1497 2424 1577 quidem
2449 1499 2602 1558 tueri
2626 1517 2734 1578 pro
2759 1498 2989 1576 magni-

1080 1593 1285 1654 tudine
1322 1593 1571 1676 periculi
1605 1615 1762 1656 curae
1800 1595 2027 1655 habuit.
2111 1593 2356 1676 Septem
2395 1594 2656 1655 millibus
2695 1593 2984 1675 peditum,

1078 1691 1375 1770 equitibus
1416 1689 1579 1751 mille
1624 1709 1733 1772 per
1769 1690 2050 1772 praesidia
2097 1690 2442 1763 distributis,
2483 1691 2726 1751 recessit
2763 1692 2824 1750 in
2865 1689 2987 1772 sy-

1077 1786 1249 1859 riam,
1276 1789 1649 1870 spatiumque
1676 1787 1844 1850 dedit
1875 1788 2030 1849 hosti
2069 1779 2453 1870 comparandi
2476 1809 2628 1861 sese,
2653 1796 2719 1848 et
2739 1808 2986 1870 recupe-

1076 1884 1247 1945 randi
1292 1887 1526 1946 amissa.
2779 1943 2792 1952 .

1154 1989 1257 2043 20.
1299 1982 1407 2044 Ne
1452 1983 1633 2044 armis
1674 1983 1916 2065 quidem
1955 1983 2232 2065 parandis
2273 1991 2378 2042 aut
2419 1981 2749 2043 exercendo
2795 1980 2984 2042 milite

1070 2081 1395 2142 consumsit
1430 2081 1823 2161 hybernorum
1858 2091 2088 2163 tempus
2102 2103 2119 2152 ς
2163 2080 2266 2140 sed
2293 2079 2558 2162 pecuniae
2583 2079 2865 2160 cogendae
2889 2080 2984 2139 in-

1074 2185 1297 2249 tentus,
1349 2179 1681 2260 imperabat
1730 2177 1979 2250 auxilia,
2025 2199 2159 2259 quae
2203 2198 2344 2238 mox
2399 2179 2588 2278 pretio
2633 2177 2981 2248 remitteret,

1071 2278 1499 2358 civitatumque
1534 2276 1781 2350 reditus,
1807 2288 1870 2339 et
1893 2276 2146 2338 donaria
2179 2276 2530 2359 templorum
2571 2276 2981 2357 computabat.

1074 2373 1515 2454 Hierosolymis
1557 2375 1737 2434 etiam
1785 2394 2022 2435 auream
2066 2375 2295 2435 trabem
2341 2394 2420 2433 ex
2459 2371 2680 2453 templo
2700 2371 2982 2442 ¹sustulit,

1075 2469 1369 2533 Eleazaro
1394 2471 1597 2543 dante,
1626 2492 1702 2533 ne
1734 2471 1879 2552 quid
1919 2479 2206 2552 proeterea
2231 2470 2308 2530 de
2343 2469 2512 2531 sacro
2549 2469 2826 2529 thesauro
2861 2467 2988 2529 tol--

1070 2567 1238 2630 leret.
1322 2570 1420 2629 At
1445 2569 1664 2630 Crasso
1691 2568 1885 2651 potior
1909 2569 2161 2651 pecunia
2185 2566 2304 2628 fide
2339 2565 2848 2647 jurisquejurandi
2887 2585 2982 2625 re-

1074 2665 1289 2745 ligione
1312 2665 1447 2726 fuit.
1526 2665 1724 2745 Igitur
1746 2675 1810 2726 et
1837 2666 1956 2727 duo
1981 2664 2172 2725 millia
2195 2661 2617 2733 talentorum?
2627 2683 2762 2742 quae
2787 2661 2980 2722 Pom·

1073 2764 1241 2843 peius
1276 2763 1617 2844 reliquerat,
1653 2772 1717 2823 et
1755 2762 2043 2843 quiequid
2079 2769 2365 2844 praeterea
2405 2762 2532 2820 auri
2577 2761 2876 2820 inventum
2917 2756 2978 2818 in

1072 2856 1213 2918 fano
1250 2867 1363 2931 est,
1402 2858 1689 2920 detraxit.

1146 2960 1255 3014 21.
1298 2954 1375 3015 In
1406 2955 1579 3016 Cava
1603 2945 1785 3036 Syria
1809 2955 1950 3014 urbs
1985 2953 2104 3016 fuit
2139 2952 2342 3014 multis
2365 2953 2718 3013 nominibus.
2803 2947 2978 3011 Nam

1069 3057 1132 3109 et
1174 3050 1523 3131 Bambycen
1564 3060 1628 3111 et
1671 3049 1990 3110 Edessam¹
2028 3049 2370 3131 appellant;
2413 3057 2478 3108 et
2519 3049 2597 3108 ab
2638 3047 2808 3128 Syris
2833 3045 2978 3105 Ma·

1070 3167 1207 3226 gog,
1252 3167 1291 3207 a
1336 3146 1569 3208 Graecis
1609 3156 1844 3229 propter
1883 3147 2290 3208 celebritatem
2341 3144 2572 3204 delubri
2626 3141 2980 3224 Hierapolis

1068 3245 1415 3304 vocabatur.
1502 3243 1696 3304 Deam
1727 3242 1960 3324 Syriam
1987 3243 2068 3302 ibi
2098 3241 2378 3304 colebant
2401 3241 2738 3322 prodigiosa
2761 3239 2976 3300 forma.

1070 3337 1339 3420 Superas
1362 3339 1591 3412 mulier,
1618 3340 1894 3402 inferiore
1929 3347 2097 3420 parte
2121 3340 2384 3420 corporis
2409 3339 2466 3398 in
2493 3339 2714 3419 piscem
2741 3337 2974 3421 desine-

1068 3436 1219 3497 bats
1301 3437 1565 3498 Derceto
1618 3446 1724 3499 aut
1773 3436 2084 3516 Atergatis'
2132 3437 2478 3496 vocabatur.
2573 3432 2978 3494 Semiramidis

1066 3542 1313 3594 matrem
1356 3533 1533 3594 fuisse
1574 3533 1822 3614 quidam
1865 3530 2227 3594 fabulantur.
2313 3530 2517 3592 Graeei
2555 3530 2858 3591 Venerem
2901 3549 2977 3590 eo

1064 3630 1321 3700 nomine,
1350 3639 1457 3690 aut
1478 3629 1798 3701 Junonem,
1825 3648 1964 3710 pars
1997 3627 2302 3690 Naturam
2335 3626 2456 3688 coli
2497 3628 2810 3708 putabant.
2893 3625 2974 3686 In

1062 3727 1481 3806 antiquissimis
1505 3727 1904 3788 Hebraeorum
1931 3726 2098 3787 libris
2122 3725 2341 3804 Dagon
2367 3734 2480 3797 est,
2494 3723 2726 3805 'piscem
2747 3721 2974 3802 signifi-

1060 3834 1236 3885 cante
1286 3825 1603 3886 vocabulo.
1705 3823 1782 3886 In
1835 3824 2012 3903 hujus
2061 3823 2190 3884 aede
2245 3821 2464 3882 Crasso
2514 3820 2741 3882 factum
2794 3839 2969 3881 omen

1061 3920 1257 3983 ferunt
1280 3921 1810 4004 appropinquantis
1847 3921 2135 3992 interitus.
2221 3917 2376 3980 Erat
2417 3937 2554 3980 cum
2593 3937 2668 3978 eo
2707 3915 2973 3978 Publius

1126 4086 1154 4122 ¹¹
1187 4089 1301 4140 Duo
1320 4089 1474 4140 millia
1492 4087 1806 4152 calcator-nn]
1836 4087 1980 4138 Mar-
2113 4085 2140 4121 ¹¹
2155 4086 2374 4152 saper-ne
2389 4082 2820 4156 nuiierdqreriore
2831 4088 2974 4148 paru

1062 4167 1152 4203 cas
1174 4157 1376 4216 argenti
1404 4157 1615 4205 187500.
1654 4155 1794 4203 Creo.
2046 4153 2258 4216 eorporis
2284 4153 2336 4201 ia
2369 4152 2546 4214 piscem
2567 4147 2834 4210 dedum]
2867 4149 2976 4198 Lu-

1130 4215 1147 4250 *
1173 4218 1448 4282 Βωηῠςιεπ
1485 4225 1534 4270 et
1569 4214 1826 4279 Edem]
1889 4217 1980 4267 Ita
2048 4219 2227 4268 cianus
2265 4215 2334 4264 de
2385 4217 2540 4280 Syria
2585 4216 2700 4264 Dea
2742 4219 2972 4264 testatur

1060 4283 1271 4347 quidem
1322 4284 1537 4347 scripsit
1578 4283 1788 4334 Strabo.
1872 4283 1978 4332 Sed
2045 4283 2182 4346 hane
2204 4281 2372 4332 Deam
2395 4281 2494 4331 sub
2517 4280 2608 4330 illa
2623 4278 2834 4343 quidem
2865 4275 2975 4326 for·

1060 4354 1233 4397 utrum
1291 4355 1452 4409 recte,
1516 4347 1764 4398 dubitant
1815 4345 1978 4400 docti.
2047 4349 2208 4398 main
2233 4346 2502 4396 Phoenicia
2517 4346 2714 4394 cultam
2728 4357 2860 4393 esse.
2893 4341 2974 4392 At

1060 4411 1186 4461 vid.
1216 4411 1408 4463 cellar.
1438 4413 1635 4480 Geossr.
1679 4413 1804 4464 Ant.
1832 4411 1867 4464 l.
1890 4425 1978 4465 in.
2047 4412 2102 4462 iu
2138 4411 2537 4474 Hierapolitanis
2574 4409 2694 4458 ade
2722 4411 2855 4466 tota,
2889 4406 2970 4457 in·

1062 4489 1113 4527 c.
1136 4479 1218 4528 1⁵.
1242 4479 1397 4536 ‘Cu-eu.
2047 4477 2181 4544 quit,
2203 4477 2390 4529 mulier
2411 4481 2513 4528 est.
2549 4474 2694 4524 Creu.
