3300 5234
1235 490 1252 523 Ι

721 561 900 628 5394
1668 577 1761 631 -τ,
1807 577 1999 630 mvn
2055 619 2071 625 -

759 729 948 780 cim-d
1048 739 1308 801 querere
1333 723 1550 803 quibus
1569 743 1634 784 se
1658 723 1827 785 salvo
1860 725 1921 784 in
1958 723 2203 785 civitate
2235 722 2403 784 locus
2430 741 2557 783 esse
2592 743 2707 783 non
2733 728 2949 804 pooeet.

725 795 858 910 ἔξω·
883 811 984 847 ¹¹¹·
1051 818 1211 886 Quae
1234 817 1312 879 de
1347 820 1711 902 principibus
1738 829 1979 881 senatus
2002 819 2124 880 alio
2148 829 2415 902 tempore
2438 819 2676 892 dixerit,
2715 839 2862 900 quos
2884 827 2953 879 et

853 933 912 980 et.
927 929 978 976 ⁸.
1048 925 1318 976 auctores
1347 915 1717 999 ‘Oaesarianae
1760 917 1939 991 necis,
1984 925 2049 978 et
2087 937 2348 979 mearum
2388 917 2709 990 actionum,
2744 925 2951 998 aperte

1047 1013 1416 1084 nominabat,
1439 1016 1803 1076 meministis.

1129 1116 1232 1170 41.
1273 1118 1291 1146 ‘
1313 1109 1538 1191 Neque
1563 1120 1656 1171 est
1684 1120 1753 1172 ut
1776 1131 1909 1172 meo
1936 1119 2041 1172 aut
2059 1111 2297 1172 illorum
2320 1109 2587 1191 periculo
2614 1129 2735 1169 rem
2756 1119 2951 1170 trans-

1049 1204 1132 1284 igi
1173 1226 1342 1288 posse
1377 1209 1632 1290 putetis;
1676 1215 1877 1268 nostro
1922 1209 2205 1287 sanguine
2238 1213 2581 1268 contentum
2618 1205 2953 1265 Antonium

1051 1301 1200 1375 fore,
1243 1306 1454 1366 nostris
1477 1302 1898 1374 facultatibusz
1934 1324 2041 1365 vos
2064 1323 2207 1365 vero
2230 1303 2423 1363 sinon
2446 1302 2766 1362 honoratos
2790 1301 2953 1382 apud

1051 1419 1210 1472 eum,
1247 1411 1312 1462 at
1333 1411 1493 1462 certe
1517 1409 1677 1461 tutos
1699 1401 1847 1461 fore.
1930 1399 2365 1461 Recordamini
2403 1419 2585 1480 quam
2618 1397 2723 1459 ille
2748 1417 2954 1460 vocem

761 1609 870 1660 εἰς.
901 1607 1028 1660 m.
1051 1497 2303 1677 {Ziessffiffffifipssussffissussffl
2310 1494 2958 1674 ,ἐῗῗιίἶῖἰέἰῖἒέἕξῗ

732 1691 822 1788 ξι·
845 1677 926 1727 ¹¹·
947 1682 999 1725 θ’
1051 1692 1140 1753 tia
1187 1693 1560 1772 stultitiaque
1601 1690 1765 1752 haud
1804 1691 2243 1752 dissimulanter
2285 1689 2532 1762 diceret,
2578 1699 2599 1727 ‘
2616 1691 2731 1752 nisi
2762 1691 2954 1752 victo-

1051 1808 1196 1860 rem,
1245 1789 1543 1850 victurum
1583 1807 1711 1848 esse
1764 1787 2098 1848 neminem.'
2202 1778 2373 1855 Quid
2414 1788 2611 1868 potuit
2654 1787 2913 1868 apertius
2927 1787 2955 1843 ’.θ

1053 1884 1192 1944 Aut
1233 1885 1448 1965 quibus
1501 1884 1636 1945 aliis
1676 1885 1876 1944 verbis
1915 1883 2143 1945 bellum
2184 1883 2613 1944 interneciuum
2658 1881 2961 1944 efficacius

1052 1980 1472 2057 denuntiaret?

1133 2085 1236 2139 42.
1279 2086 1298 2114 ⁶
1317 2077 1626 2139 Adversus
1648 2077 1766 2139 hoc
1790 2085 1915 2138 tam
1931 2084 2237 2137 cruentum
2274 2084 2455 2156 atque
2480 2074 2765 2135 horribile
2786 2095 2957 2136 mon-

1049 2183 1258 2247 strum,
1272 2174 1440 2236 velut
1458 2174 1609 2234 alter
1626 2173 1948 2244 Hercules,
1972 2172 2345 2233 Octavianus
2366 2193 2430 2232 se
2457 2171 2755 2252 opposuit,
2776 2179 2957 2232 tetate

945 2295 948 2305 ²
1054 2292 1224 2354 puer,
1250 2271 1503 2334 audacia
1527 2269 1957 2352 prudentiaque
1978 2271 2194 2330 nemini
2220 2269 2674 2330 clarissimorum
2698 2269 2957 2330 virorum

1053 2366 1479 2450 postferendus.
1578 2367 1763 2435 Quod
1808 2366 1925 2428 fuit
1982 2366 2162 2446 hujus
2212 2365 2605 2428 adolescentis
2651 2364 2961 2426 durissimo

1053 2463 1522 2545 difficillimoque
1544 2485 1655 2524 suo
1679 2473 1941 2545 tempore
1970 2463 2284 2524 consilium
2302 2464 2330 2522 ‘s
2412 2465 2663 2531 Quanta
2684 2461 2957 2522 modera-

1053 2563 1142 2622 tio
1169 2562 1186 2621 Ξ
1238 2561 1442 2628 Quam
1459 2562 1756 2642 sapienter
1782 2560 2171 2647 domesticum
2194 2560 2432 2633 vulnus,
2461 2579 2643 2640 quam
2664 2561 2961 2641 patienter

1055 2657 1420 2718 inimicorum
1445 2658 1696 2736 injurias
1719 2657 1898 2718 tulit!
1985 2656 2209 2718 Carere
2233 2656 2404 2716 illum
2428 2657 2585 2718 sicut
2606 2656 2784 2735 hujus
2810 2665 2957 2715 aeta-

1053 2755 1132 2816 tis
1157 2753 1387 2827 ardore,
1414 2755 1501 2814 ita
1523 2755 1763 2814 omnino
1798 2754 2017 2825 animo,
2047 2753 2517 2826 credidissemus,
2544 2753 2654 2813 nisi
2682 2753 2961 2835 prasenti

1051 2853 1411 2913 documento
1449 2851 1650 2932 palam
1683 2850 2041 2923 ostenderet,
2082 2851 2377 2912 neminem
2416 2851 2533 2911 sibi
2572 2851 2689 2912 hac
2714 2851 2959 2933 quidem

1055 2959 1222 3032 parte
1245 2949 1577 3030 comparari
1603 2967 1795 3028 posse.

1137 3051 1241 3107 43.
1285 3055 1302 3082 ⁶
1325 3044 1446 3105 Tot
1488 3044 1745 3104 illustres
1793 3045 1928 3116 viri,
1972 3045 2215 3105 summis
2260 3047 2351 3105 usi
2389 3043 2731 3116 honoribus,
2774 3043 2959 3104 duces

1054 3151 1302 3214 veteres,
1345 3141 1755 3222 triumphales,
1795 3140 2161 3202 indefensam
2202 3141 2627 3223 rempublicam
2662 3142 2955 3210 sinerent:

1057 3238 1168 3297 nisi
1189 3239 1288 3299 hic
1314 3239 1484 3299 nobis
1505 3239 1701 3298 subito
1720 3239 2035 3310 extitisset,
2070 3240 2197 3320 qui,
2217 3238 2399 3300 nullis
2422 3239 2740 3298 instructus
2762 3236 2957 3318 publi-

1053 3335 1143 3397 cis
1168 3333 1478 3414 praesidiis,
1527 3355 1749 3416 paucos
1789 3335 1945 3395 intra
1983 3334 2112 3395 dies
2150 3355 2335 3416 quam
2372 3355 2511 3395 eum
2549 3322 2842 3416 proficisci
2876 3353 2956 3393 ex

1059 3429 1232 3490 Urbe
1267 3429 1544 3502 vidimus,
1579 3439 1673 3491 tot
1708 3431 1903 3490 millia
1934 3429 2379 3491 fortissimorum
2416 3431 2675 3492 virorum
2702 3429 2963 3490 adduxit

1017 3541 1027 3552 “
1056 3525 1330 3608 prasidio
1357 3525 1614 3608 publicoe
1653 3526 1967 3587 libertatis.
2053 3527 2183 3588 Hic
2219 3528 2391 3587 nobis
2422 3546 2663 3586 munere
2690 3525 2957 3586 Deorum

1055 3622 1232 3682 datus
1257 3632 1350 3683 est
1371 3621 1738 3693 adolescens,
1765 3624 1825 3682 in
1852 3642 1996 3703 quo,
2035 3624 2217 3682 etiam
2244 3623 2349 3704 qui
2374 3623 2682 3683 sententiis
2706 3623 2957 3684 invicem

1055 3717 1388 3790 discedunt,
1433 3720 1563 3801 pari
1593 3739 1791 3778 amore
1820 3719 2206 3779 consentiant.
2290 3717 2427 3778 Alii
2452 3717 2711 3779 Caesaris
2742 3719 2959 3779 acerri-

1057 3837 1214 3876 mam
1263 3825 1541 3887 mentem,
1607 3815 2013 3877 admirabilem
2062 3814 2449 3888 celeritatem,
2506 3817 2958 3896 imperterritum

1058 3915 1316 3974 animum
1341 3912 1715 3974 desiderant:
1742 3913 1873 3973 haec
1898 3913 2099 3974 omnia
2122 3913 2290 3974 nobis
2314 3913 2425 3974 iste
2438 3921 2763 3992 regenerat.
2806 3913 2964 3973 Sunt

1059 4012 1162 4091 qui
1203 4011 1376 4071 nimis
1399 3993 1679 4092 cupidum
1705 4011 1985 4090 potentiae
2008 4010 2190 4072 fuisse
2220 4019 2453 4093 putent,
2482 4010 2773 4091 pluraque
2796 4009 2960 4070 bella

1058 4127 1093 4168 e
1121 4129 1183 4167 re
1208 4128 1316 4167 sua
1341 4128 1520 4188 quam
1545 4107 1793 4188 publica
1830 4109 2095 4186 gessisse,
2126 4128 2238 4168 nec
2278 4109 2339 4168 in
2369 4106 2691 4167 honoribus
2718 4106 2957 4168 modum

1059 4205 1310 4274 novisse,
1337 4225 1448 4265 nec
1472 4206 1532 4264 in
1572 4205 1815 4284 imperio
1840 4203 2039 4265 finem.
2126 4204 2258 4265 Hic
2284 4205 2462 4284 igitur
2488 4225 2597 4286 pro
2622 4204 2727 4265 illo
2753 4203 2957 4264 (ἒπει-

1060 4300 1319 4382 placeat,
1353 4302 1456 4382 qui
1496 4300 1612 4361 sibi
1645 4301 1794 4361 nihil
1822 4309 2217 4384 praeterquam
2250 4301 2500 4362 salutem
2530 4309 2595 4362 et
2619 4301 2955 4362 libertatem
