3300 5234
916 511 1125 560 mum
1174 508 1357 558 cxv.
1402 509 2056 561 suessanum-uir.
2424 493 2604 562 53³3

356 675 499 716 cum
528 651 809 723 Didiunis
834 653 1131 733 equitibus
1164 661 1247 712 et.
1264 651 1607 714 cohortibus
1646 651 2006 712 Cesennium
2053 650 2274 712 Lento-
2301 649 2432 704 vell.
2457 651 2578 704 Dio.

354 772 493 814 nem
520 751 735 822 audiit,
760 749 843 810 nd
876 749 1145 810 ultimam
1190 769 1357 830 spem
1396 750 1624 810 munito
1665 749 1826 820 loco,
1867 748 2030 810 hund
2067 749 2274 830 procul
2298 715 2476 832 rheat-
2499 781 2566 831 de

356 849 657 921 Laurone,
682 857 861 929 capto
887 853 1193 929 repugnat.
1270 846 1599 926 Cesennius
1622 847 1726 906 ubi
1750 848 1812 907 vi
1835 867 2050 928 capere
2075 846 2274 906 locum
2298 845 2362 898 B·
2385 847 2531 912 11³⁸?-

354 967 529 1028 posse
548 946 843 1026 desperat,
869 943 1319 1004 circummunire
1344 945 1617 1004 instituit.
1657 943 1812 1003 Tum
1835 965 1979 1006 vero
2005 943 2278 1004 Lusitani

355 1043 747 1104 certissimum
772 1041 1021 1102 exitium
1044 1039 1189 1119 fuga
1214 1041 1403 1102 vitare
1428 1041 1646 1113 eoacti,
1672 1041 2062 1102 deseruerunt
2080 1040 2274 1100 Pom-

354 1141 582 1222 peium,
628 1141 754 1221 qui,
800 1147 1015 1221 praeter
1056 1149 1309 1221 accepta
1350 1140 1599 1202 vulnera
1642 1139 1772 1201 talo
1811 1140 1992 1200 etiam
2029 1141 2272 1213 intorto,

354 1257 553 1318 neque
574 1237 765 1320 pedes
788 1237 901 1298 iter
919 1235 1115 1296 fucere
1138 1237 1393 1317 poterat,
1418 1257 1609 1316 neque
1636 1246 1706 1298 ut
1739 1255 1894 1316 equo
1919 1235 2275 1298 vehiculove

354 1340 620 1396 uteretur
644 1344 855 1398 nutura
878 1333 997 1394 loci
1024 1334 1365 1415 praecipitiis
1382 1334 1746 1415 aspretisque
1769 1333 1996 1394 horridi
2013 1335 2270 1394 sinebat.

354 1431 599 1494 Idcirco
638 1432 805 1492 cavis
842 1431 1153 1512 exesisque
1196 1431 1439 1512 rupibus
1498 1440 1562 1492 et
1598 1432 1786 1492 antris
1831 1451 1896 1491 se
1937 1431 2268 1502 occultans,

353 1533 730 1612 captivorum
757 1526 978 1588 indicio
1004 1528 1269 1610 proditus
1288 1538 1401 1600 est,
1426 1537 1609 1610 utque
1632 1527 1994 1590 interfectus.
2065 1527 2272 1609 Caput
2327 1531 2432 1584 cic.
2460 1533 2595 1588 Phil.

354 1627 752 1688 adolescentis
794 1626 1101 1706 proecisum
1149 1624 1477 1686 Cesennius
1512 1624 1736 1716 retulit,
1779 1624 1958 1706 idque
2000 1645 2039 1684 a
2081 1623 2272 1684 Didio
2294 1605 2467 1712 3,ζέ

352 1723 781 1794 τι-αιιειιιίωιιω,
822 1720 1049 1783 Caesari
1084 1722 1403 1782 revertenti
1451 1719 1766 1802 Hispalim
1811 1721 1900 1782 A.
1949 1719 2035 1781 D.
2069 1720 2270 1801 pridie
2293 1727 2426 1776 Plut.
2443 1727 2573 1782 cna.

356 1819 509 1904 Idus
532 1818 781 1900 Apriles
806 1819 1057 1879 relatum
1082 1827 1213 1878 est..
1277 1817 1485 1878 Caesur
1510 1819 1571 1879 in
1596 1826 1982 1899 conspectum
2007 1816 2138 1878 dari
2163 1837 2268 1900 po-
2291 1793 2491 1906 Affgff
2497 1830 2562 1906 130

352 1915 523 1996 pulo,
569 1915 647 1976 ud
688 1913 1085 1996 reprimendos
1122 1915 1434 1976 rebellium
1473 1915 1736 1996 spiritus,
1773 1913 1990 1974 deinde
2035 1915 2270 1995 sepeliri
2297 1922 2359 1998 Β..
2374 1923 2522 1987 Ηὶιρ.

341 2013 546 2091 jussit.
590 2011 817 2092 Neque
844 2011 949 2071 diu
974 2011 1211 2072 laetutrm
1234 2010 1349 2073 boc
1367 2022 1583 2072 eventu
1611 2010 1856 2082 Didius,
1883 2031 1922 2070 a
1945 2011 2268 2083 Lusitanis,
2294 1987 2476 2101 Dffiict.
2498 2051 2563 2100 de

352 2110 459 2189 qui
484 2130 549 2170 se
572 2108 772 2170 denuo
796 2109 1185 2188 collegerant,
1212 2127 1319 2191 per
1340 2109 1583 2170 insidias
1606 2109 1838 2170 occisus
1861 2117 1972 2169 est.
2291 2117 2355 2169 B.
2378 2117 2526 2182 Hinp.

432 2213 539 2266 61.
582 2205 825 2266 Interea
850 2207 953 2286 qui
982 2206 1233 2267 Mundae
1256 2206 1495 2268 fuerant
1512 2207 1901 2279 circumsessi,
1927 2225 2066 2268 cum
2090 2226 2268 2288 erup·

350 2301 573 2363 tionem
597 2311 945 2374 tentassent,
972 2312 1283 2384 essentque
1310 2324 1349 2364 s
1376 2304 1463 2371 Q.
1493 2303 1688 2365 Fabio
1711 2323 1846 2364 cum
1869 2322 2088 2382 magna
2099 2301 2270 2364 caede

350 2401 586 2479 rejecti,
614 2400 820 2461 dolum
846 2409 1227 2481 paraverunt,
1264 2410 1333 2463 ut
1364 2421 1584 2481 meg-ns
1616 2421 1848 2472 munus,
1875 2421 1984 2482 per
2007 2401 2266 2482 speciem

242 2518 263 2538 ·
348 2495 659 2580 hunsfugii
684 2507 947 2579 receptu,
974 2497 1035 2557 in
1060 2499 1275 2558 castris
1294 2497 1734 2560 administraret
1751 2497 2000 2570 caedem,
2025 2495 2266 2557 eodem-

348 2613 471 2672 que
510 2602 775 2675 tempore
823 2595 1005 2655 ceteri
1054 2595 1422 2676 eruptionem
1467 2594 1755 2656 facerent.
1839 2593 1987 2665 Sed,
2025 2594 2268 2676 prodito

346 2709 556 2751 eorum
582 2691 868 2764 instituto,
896 2691 1121 2752 Fabius
1145 2700 1427 2752 tesseram
1455 2711 1563 2773 per
1585 2699 1782 2752 cestre
1809 2690 1996 2762 dedit,
2022 2691 2112 2751 uti
2137 2709 2266 2750 om-

348 2803 456 2846 nes
513 2787 879 2849 Mundenses
926 2797 1103 2848 extra
1152 2788 1379 2849 vallum
1439 2787 1911 2850 conciderentur.
1991 2785 2264 2847 Tandem

346 2883 633 2964 operibus
669 2885 919 2946 assiduis
954 2885 1281 2957 interclusi,
1315 2906 1451 2947 cum
1487 2895 1818 2946 extremum
1841 2884 2132 2947 mulorum
2159 2903 2266 2943 nc-

346 2981 641 3053 cessisset,
683 2981 1007 3055 discordin,
1056 2981 1421 3044 deditionem
1472 2983 1607 3043 eliis
1646 2982 2005 3053 uolentibus,
2051 2981 2266 3040 ceteris

348 3074 475 3138 ulin
498 3079 724 3150 omnin,
750 3080 903 3140 inter
940 3080 1099 3161 ipsos
1120 3099 1469 3140 concursum
1511 3089 1623 3151 est,
1649 3089 1713 3140 et
1738 3087 1926 3160 portae
1955 3078 2033 3138 ab
2059 3077 2268 3138 alteris
2321 3117 2465 3168 ΟΝ..
2488 3131 2564 3165 π.

349 3174 679 3255 adapertae.
764 3175 907 3238 Nec
939 3178 1313 3260 praetermisit
1347 3177 1718 3238 occasionem
1747 3176 1995 3247 Fabius,
2023 3174 2260 3236 occisis-
2285 3187 2366 3259 lu.

350 3290 469 3350 que
490 3271 713 3343 multis,
741 3271 1003 3352 reliquos
1028 3272 1257 3353 redegit
1280 3274 1447 3334 vivos
1472 3274 1535 3333 in
1562 3281 1936 3354 potestatem.
2021 3270 2261 3332 Munda
2284 3247 2466 3362 ”3⁸02
2487 3309 2552 3359 do

348 3385 487 3427 cum
534 3368 820 3428 immensa
857 3369 1159 3434 hominum
1198 3369 1367 3430 caede
1406 3379 1776 3450 expugnata,
1802 3369 2062 3429 vicinum
2089 3369 2258 3448 oppi-
2283 3378 2347 3430 B.
2369 3377 2514 3441 Hisp.

346 3461 491 3524 dum
521 3463 859 3526 Ursaonem
897 3469 1113 3526 tentari
1154 3466 1406 3548 placuit,
1434 3467 1553 3527 situ
1592 3466 1986 3548 operibusque
2025 3485 2260 3545 permu-

346 3561 563 3622 nitum.

428 3664 532 3719 62.
576 3657 823 3723 Interea
866 3659 1073 3722 Caesar
1100 3680 1139 3720 s
1164 3659 1461 3732 Gadibus,
1504 3680 1625 3740 quo
1674 3665 2059 3741 processerat,
2104 3655 2260 3716 His-

346 3753 532 3836 palim
558 3775 876 3836 regressus,
902 3757 1183 3818 concione
1209 3757 1555 3828 advocsts,⁸
1578 3775 1789 3818 severa
1812 3756 2078 3815 oratione
2107 3751 2262 3812 His-

344 3871 539 3934 panos
560 3851 873 3934 increpuit,
902 3863 919 3890 ⁴
948 3853 1112 3934 quod
1152 3853 1573 3914 beneficiorum
1614 3873 1753 3932 quoe
1791 3852 1981 3932 primo
2005 3857 2262 3929 quaestor

344 3949 443 4020 iis,
462 3958 671 4029 postes
695 3960 932 4030 praetor,
952 3949 1171 4010 deinde
1196 3950 1426 4022 consul,
1448 3969 1634 4030 nuper
1650 3947 1909 4010 dictator
1926 3947 2258 4026 victorque,

343 4043 683 4124 frequentia
706 4053 767 4105 et
792 4067 1009 4126 magna
1042 4045 1325 4118 dedisset,
1371 4047 1760 4116 immemores,
1805 4053 1929 4104 tam
1970 4042 2150 4102 facile
2178 4043 2256 4104 ad

346 4161 516 4202 arma
538 4153 747 4204 contra
770 4165 834 4204 se
858 4129 1156 4226 capienda
1181 4142 1405 4205 inducti
1431 4143 1669 4204 essent.'
1751 4140 1987 4202 Deinde
2023 4139 2253 4200 revolu-

412 4337 443 4382 8
476 4332 566 4383 Its
610 4335 843 4384 correxit
880 4301 1035 4386 cmv.
1070 4351 1137 4386 ex
1178 4334 1337 4387 Auet.
1376 4335 1443 4388 de
1483 4335 1548 4386 B.
1588 4333 1743 4402 Hisp.
1799 4333 1864 4384 In
1902 4331 2026 4384 edd.
2061 4333 2253 4398 priorr.

344 4391 542 4464 'iegitur
562 4405 819 4452 commeatu
840 4407 1109 4452 convocato.
