3300 5234
1733 578 1804 627 T·
1855 578 2048 627 mvn

1096 730 1272 795 emt,
1314 730 1383 783 nt
1422 724 1656 783 saucios
1693 722 2040 805 deponeret,
2071 720 2424 805 stipendium
2477 723 2764 785 militibus
2803 725 3004 799 daret,

1100 820 1441 901 animosque
1474 822 1772 881 sociorum
1811 820 2075 902 alloquio
2109 832 2173 881 et
2199 822 2484 902 presidiis
2517 823 2676 883 datis
2701 822 3000 893 firmaret:

1098 917 1427 999 Pompeius
1448 918 1736 1001 exmdito
1754 938 1860 999 per
1885 918 2258 981 Candaviam
2295 920 2526 991 itinere,
2561 922 2720 1001 prior
2753 922 2816 981 in
2859 922 3004 982 Ma-

1097 1015 1407 1076 cedoniam
1432 1016 1614 1077 venit,
1701 1014 1804 1076 Ibi
1825 1014 2090 1076 Fortuna
2113 1016 2217 1076 vix
2242 1026 2498 1097 quatuor
2515 1018 2792 1077 horarum
2817 1020 3004 1081 inter-

1098 1114 1291 1193 posito
1318 1114 1513 1194 spatio
1550 1113 1886 1175 Domitium
1909 1122 1974 1174 et
2005 1114 2230 1195 objecit
2266 1116 2528 1176 maximo
2559 1115 2912 1189 discrimini,
2937 1126 3008 1177 et

1096 1211 1333 1290 eripuit.
1414 1210 1672 1291 Ignarus
1705 1211 1812 1273 ille
1850 1212 2134 1282 omnium,
2179 1212 2428 1293 (quippe
2451 1214 2610 1272 misi
2651 1214 2732 1273 ab
2777 1213 2884 1274 illo
2919 1214 3004 1275 ad

1098 1308 1425 1381 Caesarem,
1459 1319 1567 1371 aut
1600 1310 1681 1370 ad
1716 1309 1886 1369 illum
1909 1329 1950 1371 a
1975 1310 2238 1380 Quare,
2277 1320 2518 1392 propter
2549 1310 2767 1371 infesta
2791 1312 3008 1372 itinera

1096 1414 1407 1485 penetrare
1433 1407 1811 1487 nequibant,)
1845 1426 1981 1467 cum
2015 1426 2120 1487 per
2145 1406 2376 1486 aliquot
2402 1407 2532 1467 dies
2565 1418 2760 1468 eastra
2791 1411 3009 1470 castris

1098 1502 1399 1583 Scipionis
1440 1504 1714 1585 opposita
1747 1503 2070 1575 habuisset,
2111 1506 2198 1565 rei
2239 1504 2634 1565 frumentariae
2659 1524 2842 1566 causa
2877 1506 3004 1566 dis-

1096 1608 1383 1661 cesserat:
1427 1609 1489 1661 et
1514 1609 1641 1661 tum
1683 1600 1762 1661 ad
1791 1600 2158 1663 Heracleam
2199 1601 2511 1673 Sinticam,
2551 1623 2687 1683 qnae
2725 1614 2818 1663 eat
2859 1604 3004 1662 sub-

1084 1699 1255 1775 jecta
1282 1696 1634 1771 Candaviae,
1677 1700 1793 1759 iter
1825 1698 2072 1771 habens,
2113 1700 2172 1760 in
2215 1700 2406 1781 ipsum
2451 1700 2812 1781 Pompeium
2849 1700 3006 1759 inci-

1094 1794 1301 1866 disset,
1342 1796 1477 1867 uisi,
1506 1795 1669 1875 quod
1695 1816 1888 1876 neque
1931 1818 2050 1857 sua·
2065 1796 2380 1876 diligentia
2405 1818 2780 1877 cognoscere,
2807 1817 3006 1878 neque

1092 1890 1293 1951 doceri
1319 1911 1357 1952 a
1380 1892 1499 1952 suis
1532 1884 1800 1973 partibus
1823 1902 2115 1973 potuerat,
2151 1894 2406 1953 hostium
2439 1892 2732 1955 beneficio
2757 1892 3006 1953 didicis-

1092 1997 1201 2047 set.
1284 1988 1669 2069 Allobroges,
1709 1990 1812 2071 qui
1851 2010 1988 2051 cum
2015 1988 2292 2051 Roscillo
2315 1998 2378 2050 et
2403 1990 2558 2069 AEgo
2583 2011 2770 2071 nuper
2805 2000 3004 2051 nans-

1091 2084 1385 2163 fugerant,
1422 2088 1668 2167 repertis
1709 2106 1814 2167 per
1855 2088 2014 2146 viam
2053 2085 2530 2167 exploratoribus
2571 2086 2847 2157 Domitii,
2875 2088 3006 2147 sive

1090 2192 1329 2264 propter
1349 2192 1609 2244 veterem
1644 2182 2151 2254 consuetudinem,
2179 2182 2342 2263 quod
2377 2184 2436 2243 in
2465 2182 2673 2244 Gallia
2697 2203 2817 2242 una
2839 2182 3004 2242 mili-

1092 2288 1385 2352 taverant,
1411 2281 1533 2341 sive
1560 2279 1746 2359 gloria
1770 2280 1940 2352 elati,
1967 2280 2169 2341 omnia
2205 2289 2667 2361 expromserunt.
2751 2280 2860 2340 Ita
2893 2280 3006 2340 de·

1090 2374 1253 2437 flexo
1292 2378 1497 2439 itinere
1546 2377 1871 2450 Domitius,
1919 2397 2043 2459 qua
2083 2378 2382 2438 Caesarem
2418 2378 2620 2438 venire
2664 2376 3006 2448 audiverat,

1092 2474 1428 2555 vitavitque
1478 2474 1862 2555 Pompeium,
1903 2484 1966 2536 et
2005 2474 2084 2535 ad
2127 2474 2430 2555 AEginium
2469 2494 2608 2535 cum
2645 2474 3008 2555 imperatore

1090 2590 1201 2629 suo
1226 2574 1577 2651 conjunctus
1598 2580 1712 2633 est.

1176 2674 1275 2727 55.
1318 2666 1457 2727 Jam
1478 2688 1856 2748 quocumque
1883 2666 2091 2729 Caesar
2119 2667 2334 2739 adiret,
2363 2666 2698 2748 praeliorum
2725 2664 3007 2747 Dyrrha-

1094 2763 1403 2824 chinorum
1437 2765 1600 2825 fama
1643 2774 2044 2846 praecurrerat.
2128 2764 2325 2844 Igitur
2367 2762 2678 2844 Gomphos
2711 2764 3004 2837 venienti,

1094 2861 1255 2943 quod
1279 2863 1533 2944 primum
1558 2872 1647 2922 est
1666 2870 1872 2923 contra
1889 2862 2140 2943 Epirum
2163 2859 2490 2922 Thessaliae
2509 2859 2818 2941 oppidum,
2847 2876 3010 2940 prae·

1094 2968 1187 3019 tor
1212 2961 1401 3039 gentis
1425 2958 1880 3020 Androsthenes
1913 2968 2112 3041 portas
2144 2958 2384 3030 clausit,
2415 2957 2666 3018 dimisis
2690 2956 2770 3017 ad
2809 2956 3006 3016 Pom-

1092 3056 1293 3136 peium
1333 3055 1794 3138 Scipionemque
1839 3056 2080 3127 nuntiis,
2121 3054 2338 3115 auxilii
2385 3052 2756 3115 accelerandi
2797 3071 3004 3113 causa„

1094 3152 1217 3214 Sed
1246 3152 1473 3223 Cesar,
1496 3152 1740 3215 edoctos
1779 3151 2017 3224 milites,
2053 3162 2346 3234 quantum
2387 3152 2464 3212 ad
2502 3151 2720 3211 famam
2747 3150 3004 3209 119,οωί-

1094 3258 1395 3331 tatemque
1438 3258 1783 3331 proesentem
1828 3270 1903 3310 ea
1947 3270 2038 3310 res
2080 3251 2420 3331 pertineret,
2469 3250 2553 3309 sic
2585 3246 2886 3317 accendit,
2933 3256 3008 3319 pt

1092 3355 1229 3427 post
1252 3346 1455 3407 horam
1474 3366 1692 3406 nonam
1719 3346 2154 3426 oppugnatione
2185 3355 2401 3426 coepta,
2439 3353 2578 3405 ante
2601 3352 2838 3404 noctem
2861 3342 3006 3403 loco

767 3462 893 3515 Flor.
912 3464 1027 3517 Dio,
1094 3446 1437 3526 potirentur.
1522 3442 1680 3504 Cum
1708 3444 1845 3503 urbs
1861 3442 2233 3525 diriperetur,
2259 3442 2558 3503 insolitum
2583 3440 3002 3523 spectaculu-

768 3564 988 3630 Appian-

766 4142 896 4193 eno.

636 4338 653 4353 ⁸
764 4334 982 4401 Appium.

1090 3542 1151 3603 in
1172 3540 1434 3623 quadam
1450 3540 1627 3601 domo
1655 3542 2094 3621 irrumpentium
2113 3540 2318 3601 oculos
2333 3540 2552 3610 tenuit3
2596 3556 2764 3598 senes
2789 3537 3004 3615 viginti

1078 3642 1353 3720 jacentes
1373 3640 1431 3697 in
1456 3636 1762 3698 coenaculo
1785 3657 1923 3698 cum
1942 3636 2254 3708 calicibus,
2271 3635 2490 3696 similes
2510 3634 2714 3704 ebriis,
2737 3633 2846 3693 scd
2875 3633 3003 3693 vita

1088 3736 1262 3808 cassi,
1290 3733 1615 3813 sedensque
1644 3732 1801 3793 alius
1823 3742 1988 3813 gestu
2012 3732 2328 3813 praebentis
2347 3732 2667 3811 potionem.
2751 3727 3002 3811 Nempe

1086 3831 1484 3891 nobilissimus
1503 3830 1752 3910 quisque
1776 3838 1962 3891 morte
1983 3829 2286 3909 asperiora
2302 3828 2574 3888 timentes
2591 3826 2672 3889 ad
2699 3826 3002 3887 medicum

1087 3935 1504 3997 convenerant,
1530 3925 1898 4008 eundemque
1923 3926 2256 3985 habuerant
2289 3932 2354 3983 et
2387 3924 2718 3985 ministrum
2747 3924 3003 3983 mitioris

1090 4024 1309 4095 exitus,
1336 4033 1399 4084 et
1422 4023 1724 4085 comitem.

1166 4126 1267 4183 56.
1310 4122 1535 4192 Caesar,
1562 4121 1755 4182 obiter
1777 4118 2012 4179 refectis
2051 4118 2357 4191 militibus,
2387 4116 2796 4199 Metropolim,
2828 4118 3000 4199 oppi-

1088 4218 1235 4281 dum
1280 4228 1345 4279 et
1394 4220 1585 4300 ipsum
1634 4216 1986 4289 Thessaliae,
2037 4216 2366 4288 contendit,
2425 4234 2501 4276 ea
2557 4213 2874 4277 celeritate
2935 4222 3004 4273 ut

1088 4314 1305 4376 famam
1332 4315 1522 4376 cladis
1546 4314 2014 4394 Gomphensium
2041 4314 2310 4375 anteiret.
2393 4310 2590 4379 Quasi
2614 4310 3000 4370 bacchabun-

1088 4411 1169 4472 do
1214 4413 1445 4492 agmine
1491 4418 1838 4493 perventum
1877 4418 1991 4484 est,
2017 4409 2182 4491 quod
2219 4408 2390 4470 miles
2413 4410 2556 4471 vino
2597 4404 2760 4489 apud
2805 4404 2997 4466 Gom·
