3300 5234
898 465 1105 516 ιιιιιιι
1153 465 1337 518 cvu.
1382 466 2032 519 surranunwruu.
2397 449 2572 518 5101

341 608 553 668 iterum
596 608 959 672 transeundo
1002 609 1395 682 deliberabat,
1440 609 1666 692 duplici
1707 609 2042 672 stimulatus
2083 609 2246 671 utili-

341 715 501 768 tate:
550 706 761 778 altera,
807 716 875 767 nt
916 709 1171 789 puniret,
1218 709 1321 788 qui
1360 718 1571 770 contra
1612 729 1676 768 se
1719 709 1944 769 auxilia
1985 707 2270 776 Treviris,

294 877 306 898 ι
340 807 653 873 miserant:
703 805 913 876 altera,
946 825 1021 866 ne
1062 815 1335 886 receptus
1372 805 1533 886 apud
1568 825 1671 866 eos
1705 804 2039 885 Ambiorigi
2073 814 2246 866 esset.

339 900 581 962 Idcirco
624 901 685 961 in
730 901 947 962 finibus
982 901 1378 973 Trevirorum,
1420 901 1581 962 haud
1618 902 1808 962 multo
1845 921 2026 984 supra
2063 921 2246 982 quam

334 999 499 1078 prius
522 1007 653 1059 erat
676 1007 1083 1078 transgresus,
1104 1007 1343 1080 pontem
1370 998 1577 1079 paucis
1599 997 1810 1059 diebus
1829 997 2060 1068 effecit,
2043 1019 2058 1035 ·
2103 1007 2248 1059 nota

336 1105 463 1154 tum
506 1095 790 1168 militibus
828 1096 1073 1166 ratione,
1099 1095 1207 1156 sed
1246 1094 1327 1155 ad
1364 1095 1708 1155 hodiernam
1739 1095 2048 1174 segnitiem
2087 1116 2242 1158 nunc

332 1213 572 1274 prorsus
612 1192 967 1253 incredibili.
1075 1193 1321 1274 Quippe
1367 1212 1485 1253 non
1530 1193 1592 1252 in
1636 1193 1858 1273 praeliis
1895 1191 2095 1264 modo,
2135 1193 2242 1254 sed
2298 1207 2430 1274 ΗΡ..
2463 1211 2526 1262 de

334 1290 529 1370 magis
560 1290 623 1350 in
658 1309 835 1371 opere
874 1287 1137 1351 Romani
1162 1289 1365 1350 militis
1388 1289 1613 1351 inmta
1636 1289 1883 1351 durities
1903 1299 2049 1350 erat.
2133 1289 2240 1350 In·
2266 1273 2380 1324 ³¹⁵¹·
2321 1274 2554 1393 {Eff-

332 1395 425 1447 ter
455 1395 657 1448 cetera
696 1387 975 1468 pontibus
1007 1387 1299 1447 struendis
1324 1387 1412 1447 ita
1434 1395 1563 1446 erat
1584 1388 1907 1458 exercitus,
1934 1395 2002 1446 ιιι
2029 1406 2238 1468 quam-
2265 1407 2348 1454 11.
2357 1413 2408 1454 ,t
2433 1410 2514 1484 ¹?

332 1484 487 1545 libet
522 1485 709 1544 latum
740 1493 806 1544 et
838 1483 1191 1566 profundum
1219 1504 1450 1546 amnem
1478 1484 1771 1546 facillimo
1795 1485 2032 1564 negotio
2053 1493 2240 1546 nans-
2265 1467 2436 1594 ἐξά·
2459 1471 2514 1520 ἱ·

333 1583 565 1643 mittere
599 1591 817 1663 posset.
900 1582 1091 1661 Cujus
1123 1583 1209 1642 rei
1246 1604 1353 1665 per
1386 1581 1495 1642 illa
1526 1591 1591 1642 et
1623 1583 1932 1662 sequentia
1953 1591 2238 1664 tempora,
2299 1553 2470 1676 Lip's‘?

330 1680 393 1739 in
422 1679 729 1753 Danubio,
756 1680 816 1742 in
844 1677 1089 1750 Rheno,
1116 1679 1175 1739 in
1203 1677 1508 1761 Euphrate
1532 1678 1868 1820 frequentia
1883 1677 2242 1741 documenta
2264 1661 2472 1780 fflff'g·
2485 1679 2552 1717 ¹¹·

244 1841 257 1852 ,
329 1776 643 1838 dederunt.

412 1881 475 1936 9.
517 1874 712 1936 Ratio
736 1883 933 1935 autem
950 1874 1387 1954 jungendorum
1414 1875 1682 1956 pontium
1707 1874 1838 1934 haec
1863 1871 1979 1935 fuit
2001 1876 2238 1938 usitata.

332 1971 489 2032 Lato
524 1972 701 2033 alveo
734 1993 915 2033 naves
946 1973 1265 2054 superiore,
1292 1993 1473 2052 qnam
1510 1973 1615 2031 ubi
1656 1993 1806 2052 pons
1829 1971 2240 2045 destinaretur,

304 2068 463 2130 'loco
507 2069 1033 2130 constituebantur.
1138 2068 1323 2148 Signo
1368 2069 1513 2131 dato
1562 2070 1816 2150 primum
1867 2089 1987 2130 nna
2035 2089 2240 2130 earum

324 2167 591 2232 meando
624 2165 865 2226 flumine
910 2165 1187 2238 demissa,
1230 2173 1519 2246 quantum
1551 2173 1786 2247 poterat
1823 2165 2240 2248 applicabatur

324 2263 551 2323 citimae
602 2264 765 2344 ripae.
871 2261 1105 2324 Deinde
1156 2271 1351 2324 storea
1392 2264 1555 2323 saxis
1592 2263 1822 2344 repleta
1865 2264 2239 2342 mergebatur

324 2358 539 2430 fundo,
566 2360 837 2420 anchoroe
866 2360 1061 2420 vicem
1086 2357 1392 2420 firmatura
1414 2357 1738 2438 deligatam
1763 2358 1968 2419 valido
1991 2359 2237 2440 rudent·

324 2473 563 2516 navem.
650 2455 951 2518 Continuo
983 2456 1255 2528 materia,
1290 2457 1463 2535 cujus
1484 2455 1615 2536 ipsa
1640 2454 1806 2515 navis
1827 2455 2062 2535 copiam
2087 2475 2238 2535 prm-

325 2553 534 2626 bebat,
578 2562 711 2614 tota
759 2553 1256 2614 consternebatur.
1360 2551 1593 2612 Eadem
1643 2542 1972 2613 ceterarum
2019 2551 2236 2614 deind-

324 2651 567 2712 navium
612 2649 1119 2732 adjungendarum
1150 2659 1295 2716 ,erat
1336 2651 1513 2722 ratio,
1560 2669 1708 2731 quas
1749 2658 1814 2711 et
1857 2650 2126 2710 demissae
2173 2652 2234 2712 in

324 2765 560 2806 amnem
604 2737 812 2818 moles,
854 2755 917 2806 et
958 2747 1171 2807 vicinis
1213 2748 1505 2827 utrimque
1554 2747 1811 2808 navibus
1843 2747 2065 2806 innexa
2103 2747 2232 2807 vin-

322 2843 467 2902 cula
494 2843 850 2904 retinebant.
932 2843 1091 2903 Cum
1127 2841 1207 2902 ad
1246 2841 1491 2903 alteram
1532 2843 1720 2923 ripam
1761 2841 2052 2902 deductus
2083 2863 2234 2924 pons

323 2948 477 3010 erat,
504 2940 567 3000 in
604 2949 871 3000 extrema
906 2958 1057 2999 nave
1093 2947 1281 2998 turres
1311 2958 1449 2999 cum
1484 2939 1772 3000 machinis
1803 2947 1866 2999 et
1887 2939 2230 3020 catapultis,

319 3045 383 3097 et
414 3036 497 3098 ad
532 3034 953 3115 egrediendum
988 3043 1157 3116 porta
1193 3036 1545 3096 struebatur.

408 3139 509 3194 10.
553 3131 831 3194 Ceterum
862 3132 1005 3192 nihil
1034 3131 1193 3192 ultra
1222 3131 1471 3210 gloriam
1498 3133 1593 3192 bis
1616 3133 1936 3194 transcensi
1972 3129 2230 3193 fluminis
2251 3139 2372 3191 Dio.

322 3232 439 3291 hac
478 3229 861 3312 expeditione
896 3231 1207 3312 quaesitum
1250 3237 1359 3291 est.
1442 3229 1688 3291 Paucos
1718 3231 1845 3290 dies
1877 3239 2135 3290 moratus
2169 3230 2226 3290 in
2249 3237 2373 3290 Cas

325 3326 653 3388 Germania
679 3327 908 3399 Caesar,
932 3346 1069 3388 cum
1112 3325 1297 3388 Suevi
1320 3345 1383 3386 se
1422 3325 1481 3386 in
1508 3325 1712 3405 sylvas
1741 3326 2030 3407 recepisse
2064 3326 2227 3386 dice·

321 3435 558 3496 rentur3
592 3435 609 3462 ‘
629 3425 937 3507 inopiam?
959 3433 1025 3485 ut
1048 3424 1175 3505 ipse
1200 3425 1307 3494 ait,
1324 3433 1343 3460 ‘
1366 3422 1641 3484 frumenti
1662 3425 1882 3484 veritus
1900 3445 1916 3493 ;
1937 3423 1956 3453 ’
1985 3432 2054 3484 ιιι
2080 3422 2226 3495 Dio,

318 3531 341 3559 ‘
368 3521 603 3583 Suevos
640 3523 893 3593 timens,’
931 3523 1099 3599 (nam
1128 3513 1582 3608 et'frumentum
1616 3539 1693 3580 ex
1733 3519 1942 3580 Gallia
1975 3521 2226 3582 subvehi

320 3619 486 3680 nullo
524 3621 759 3698 negotio
792 3619 1127 3700 potuisset‚)
1160 3627 1397 3698 pontem
1436 3618 1497 3676 in
1538 3617 1962 3696 longitudinem
2005 3617 2226 3697 pedum

316 3715 705 3778 ducentorum
744 3715 1047 3786 rescindit,
1090 3723 1271 3796 atque
1305 3715 1365 3774 in
1398 3723 1664 3774 extremo
1694 3715 1898 3774 turrim
1924 3713 2222 3774 tabulato-

318 3833 446 3873 rum
482 3823 733 3893 quatuor
754 3812 1095 3873 constituit:
1124 3810 1577 3892 praesidiumque
1603 3809 1826 3871 tuendo
1849 3811 2018 3890 ponti
2041 3809 2218 3870 relin-

319 3911 453 3989 quit
490 3911 551 3970 in
590 3909 869 3983 Treviris,
914 3921 984 3971 ut
1024 3908 1343 3980 Germanis
1372 3907 1589 3990 saepius
1629 3907 1926 3968 transituri
1961 3907 2220 3988 speciem

316 4007 561 4067 faceret.

398 4109 500 4163 11.
546 4101 669 4163 Sed
713 4103 841 4183 ipse
884 4100 1163 4182 capiendi
1206 4100 1575 4180 Ambiorigis
1617 4119 1804 4160 eausa
1843 4119 1946 4178 per
1985 4098 2216 4180 sylvam

318 4200 733 4271 Arduennam,
776 4219 913 4280 quae
953 4219 1059 4279 per
1092 4199 1414 4280 quingenta
1450 4196 1639 4258 millia
1673 4201 1991 4277 passuum⁸
2016 4215 2053 4254 a
2077 4197 2219 4277 ripis

397 4418 421 4446 ⁸
454 4365 737 4474 ostingam
749 4409 901 4459 stillis
926 4396 1191 4472 panosus
1214 4407 1413 4460 Iaeucss
1430 4411 1690 4457 nostrates
1713 4395 1970 4471 plasme}
1985 4405 2128 4458 cres.
