3300 5234
746 527 923 596 5342
1711 547 1780 598 τ.
1828 545 2018 596 mvn

750 699 869 750 Dio.
1069 689 1345 770 pretorii.
1430 690 1774 757 Quaestores
1815 699 2014 752 autem
2055 709 2129 750 eo
2177 708 2330 750 anno
2375 687 2525 749 nulli
2559 688 2792 761 creati?
2830 704 2980 750 cum

1072 784 1303 866 Lepido
1340 787 1616 866 mag-istro
1650 789 1941 866 equitum,
1967 787 2122 846 sicut
2145 795 2206 846 et
2242 784 2467 846 factum
2493 805 2646 846 anno
2671 787 2982 866 superiore

1069 880 1283 953 fuerat,
1336 881 1630 963 praesectis
1677 884 1906 944 urbana
1959 883 2194 961 negotia
2254 882 2812 952 administrantium,
2869 881 2984 962 qui

1072 979 1377 1060 postulati,
1418 980 1579 1060 quod
1620 980 1859 1042 lictores
1902 989 2368 1061 praetextamque
2414 988 2480 1041 et
2523 979 2700 1039 sellas
2737 978 2988 1039 curules

1068 1077 1434 1149 habuissent,
1479 1076 1670 1157 legem
1722 1077 2114 1160 protulerunt,
2159 1098 2264 1158 per
2307 1097 2488 1157 quam
2529 1095 2728 1136 earum
2775 1095 2986 1135 rerum

1072 1182 1331 1256 potestas
1374 1173 1559 1236 fiebat
1603 1175 1674 1235 iis
1711 1177 1815 1254 qui
1853 1174 2254 1254 magistratum
2301 1173 2560 1252 aliquem
2605 1193 2644 1232 a
2679 1171 2988 1233 dictatore

1074 1275 1455 1353 accepissent.
1524 1273 1913 1354 Apollinares
1935 1272 2060 1334 ludi
2078 1273 2370 1333 sumtibus
2395 1270 2652 1332 Caesaris
2672 1272 2818 1332 facti
2839 1281 2988 1332 sunt

1074 1389 1181 1450 per
1215 1369 1467 1430 alterum
1490 1370 1924 1451 praefectorum,
1949 1391 2100 1450 quos
2125 1369 2330 1430 aerario
2355 1368 2654 1450 praefuisse
2677 1367 2948 1430 diximus
2965 1389 2988 1430 t

1076 1465 1387 1528 Romanos
1406 1467 1607 1528 aediles
1630 1468 1826 1549 plebis
1838 1467 2110 1554 fecerunt
2125 1487 2203 1527 ex
2223 1465 2743 1528 senatusconsulto.
2796 1465 2986 1526 Pras-

1074 1572 1259 1635 terea,
1296 1563 1456 1644 quod
1498 1585 1692 1644 neque
1729 1563 1892 1646 prius
1932 1583 2123 1644 neque
2163 1573 2368 1644 postea
2402 1562 2629 1624 factum
2665 1563 2988 1642 reperitur,

1076 1679 1228 1719 unus
1268 1660 1700 1740 praefectorum,
1737 1681 1875 1721 cum
1919 1659 2083 1720 feriis
2123 1677 2366 1742 operam
2409 1659 2602 1732 daret,
2637 1657 2820 1718 alium
2865 1659 2988 1718 sibi

1072 1755 1306 1816 suffecit
1340 1757 1397 1815 in
1436 1758 1769 1837 proximum
1803 1757 1984 1828 diem,
2025 1766 2206 1838 atque
2241 1756 2346 1816 ille
2383 1756 2590 1816 iterum
2626 1755 2830 1816 alium.

1158 1859 1255 1912 19.
1300 1851 1581 1932 Sequitur
1628 1871 1817 1914 annus
1854 1852 2137 1913 Julianus
2173 1851 2484 1924 secundus,
2525 1853 2786 1931 quintam
2835 1851 2986 1911 Cae-

1072 1949 1219 2008 saris
1254 1947 1637 2022 dictaturam,
1677 1950 2066 2031 quintumque
2105 1959 2170 2010 et
2213 1959 2568 2030 postremum
2603 1947 2988 2008 consulatum

1074 2043 1381 2108 afferens!
1480 2046 1790 2107 Proximis
1829 2048 1984 2110 enim
2027 2047 2284 2106 comitiis
2313 2066 2471 2116 cum,
2515 2045 2809 2126 promiaeis
2851 2045 2994 2122 ejus

788 2153 1042 2205 cic.Ph.il.
1076 2140 1369 2212 inductus,
1412 2141 1740 2202 Dolabella
1777 2142 2148 2204 consulatum
2183 2143 2466 2224 petisset3
2521 2141 2663 2220 quia
2709 2140 2800 2200 Μ.
2842 2141 2990 2199 An·

758 2235 819 2268 ¹¹·
841 2223 925 2270 ⁸²·
1075 2239 1301 2298 tunium
1334 2259 1532 2301 creare
1564 2238 1865 2300 consulem
1897 2239 2204 2320 cupiebat,
2242 2239 2345 2320 qui
2381 2259 2461 2298 ex
2503 2237 2800 2318 Hispania
2847 2235 2992 2296 red-

756 2349 889 2398 Plut.
1076 2335 1241 2395 eunti
1286 2333 1621 2413 longissime
1673 2334 1968 2416 profectus
2009 2333 2270 2404 obviam,
2318 2335 2628 2416 pristinum
2671 2332 2992 2393 familiari-

759 2412 1055 2464 Amomcic.
1078 2431 1221 2490 tatis
1258 2431 1502 2510 gradum
1538 2442 2020 2512 recuperaverat:
2071 2432 2264 2491 sciens
2297 2451 2432 2490 eum
2469 2451 2602 2490 esse
2637 2428 2992 2490 Dolabellae

1078 2526 1559 2600 inimicissimum,
1584 2529 1958 2610 semetipsum
1996 2547 2132 2588 cum
2178 2527 2271 2588 Μ.
2297 2528 2567 2588 Antonio
2605 2525 2992 2604 designarat:

1082 2621 1469 2686 Dolabellam
1502 2623 1839 2694 ostendens,
1871 2625 2210 2705 priusquam
2251 2623 2338 2684 ad
2361 2623 2588 2684 bellum
2622 2622 2994 2682 Parthicum

757 2730 1059 2798 FastiCapit.
1080 2719 1563 2801 proficisceretur,
1608 2721 1908 2782 consulem
1951 2741 2078 2782 esse
2112 2723 2434 2800 jussurum.
2543 2719 2636 2780 M.
2685 2719 2994 2800 Lepidum

658 2811 661 2814 ⁴
759 2829 879 2881 Dio.
1080 2819 1374 2880 asciverat
1396 2820 1737 2899 magistrum
1761 2819 2066 2900 equitum:
2107 2827 2192 2890 et,
2217 2819 2360 2899 quia
2387 2816 2656 2878 Galliam
2683 2816 2785 2876 ille
2813 2815 2993 2876 Nar-

761 2894 975 2960 Appium.
1080 2915 1399 2976 bonensem
1438 2935 1573 2977 cum
1621 2915 1930 2996 Hispania
1969 2915 2240 2976 citeriore
2286 2934 2390 2995 per
2433 2913 2660 2994 legatos
2701 2912 2995 2973 adminis-

1082 3013 1300 3084 trabat,
1336 3023 1399 3074 ct
1434 3022 1564 3074 tum
1602 3014 1790 3072 iturus
1827 3013 1954 3093 ipse
1993 3023 2124 3072 erat
2159 3012 2218 3071 in
2255 3013 2646 3093 provinciam,
2681 3009 2760 3070 C.
2789 3010 2994 3071 Octa-

760 3125 878 3174 Dio.
1079 3109 1212 3168 vius
1251 3109 1328 3170 C.
1366 3109 1442 3172 F.
1481 3109 1557 3169 Ο.
1597 3107 1691 3169 Ν.
1731 3110 2010 3187 mag-ister
2052 3108 2318 3188 equitum
2363 3105 2702 3186 designatus
2739 3115 2852 3176 est,
2899 3115 2994 3178 ut,

760 3221 1059 3287 rustic-pit.
1080 3225 1217 3266 cum
1254 3205 1347 3267 M.
1378 3205 1638 3286 Lepidus
1667 3204 1986 3287 paludatus
2009 3205 2250 3276 exisset,
2277 3204 2470 3263 iniret.
2554 3201 2747 3274 Nam,
2773 3211 2844 3262 ut
2871 3201 2994 3262 Le-

761 3287 925 3402 4}’·¹³¹²·
948 3305 1043 3337 ⁹¹¹·
1080 3303 1225 3384 pido
1263 3303 1633 3384 proeferretur
1673 3303 1751 3363 ab
1788 3302 2082 3363 avunculo
2110 3300 2324 3361 frustra
2347 3301 2620 3381 petierat,
2647 3299 2808 3379 quod
2831 3309 2996 3360 esset

838 3439 845 3444 ·
1083 3399 1281 3461 adbuc
1314 3399 1805 3462 adolescentulus.

760 3515 1063 3581 ratic-pit.
1162 3503 1264 3557 20.
1288 3496 1643 3575 Designavit
1655 3506 1718 3556 et
1735 3495 1850 3555 Cn.
1866 3493 2198 3554 Domitium
2221 3493 2315 3556 M.
2330 3494 2403 3555 F.
2419 3493 2510 3553 M.
2529 3491 2621 3552 N.
2636 3491 2992 3566 Calvinum,

1082 3593 1185 3673 qui
1224 3595 1339 3654 sibi
1360 3593 1639 3655 dictatori
1677 3593 1955 3671 magister
1991 3592 2258 3673 equitum
2298 3592 2358 3650 in
2401 3609 2620 3648 annum
2644 3600 2996 3670 sequentem

1081 3699 1267 3750 esset:
1308 3691 1412 3750 sed
1448 3700 1575 3752 tum
1614 3691 1894 3769 mag-istro
1920 3689 2188 3768 equitum
2211 3707 2326 3747 non
2355 3686 2469 3747 fuit
2491 3703 2662 3766 opus,
2687 3687 2996 3748 dictatura

1147 3931 1173 3964 ¹⁹
1209 3931 1482 3986 Quartum
1500 3964 1654 3981 .....
1668 3943 1860 3980 cacano
1880 3929 2001 3979 salli
2067 3933 2129 3978 ut
2163 3927 2430 3979 existimet
2459 3935 2711 3990 pretores
2744 3933 2802 3976 et
2842 3941 2988 3991 qua!-

1084 3995 1259 4058 mi]
1290 3994 1365 4090 A51
1380 4010 1541 4060 supra
1561 4009 1608 4046 c.
1638 3999 1722 4044 1³.
1751 3992 2020 4074 memora·'
2069 3993 2504 4070 storcsacaesare
2519 3999 2638 4070 post
2653 3992 2877 4042 reditum
2897 3992 2992 4042 de-

1088 4069 1205 4174 :2¹3
1212 4059 2008 4188 2213253513332351333222
2073 4057 2990 4200 sserss.⁰;.3¹352¹:·.2.0122203.5::3

1085 4191 2006 4256 auctoremsequitur-Freinshemius.
2077 4189 2206 4237 nullu
2237 4195 2544 4252 qua-stores,
2593 4201 2691 4237 nec
2727 4195 2986 4252 pretores

1088 4254 1245 4304 Hunc
1278 4257 1463 4306 nodum
1493 4257 1566 4306 sic
1598 4256 1752 4305 solvit
1784 4255 2001 4318 Pighius
2074 4251 2289 4304 fuerint.
2323 4254 2466 4302 Creu.
2591 4301 2596 4304 .

1020 4365 1029 4374 .
1086 4319 1139 4370 in
1161 4319 1351 4372 Annal.
1382 4321 1534 4372 Rom.
1553 4323 1619 4372 ad
1634 4321 1771 4370 hunc
1793 4333 2002 4384 anuum,
2136 4319 2168 4348 ·
2200 4315 2267 4368 Α.
2291 4315 2357 4368 U.
2379 4318 2442 4368 C.
2463 4319 2581 4367 708.
2613 4315 2681 4368 Α.
2705 4315 2766 4368 C.
2785 4319 2868 4366 eu.
