3300 5234
884 492 1097 545 unm
1146 492 1279 544 CX·
1324 490 2000 545 SUPPLBMBNTUM-

301 638 653 721 ceptiseima
688 634 977 699 militibus
998 634 1350 701 Afranianis
1385 637 1535 700 suit:
1576 636 1744 721 quod
1779 638 1936 700 ultro
1957 656 2218 699 commo-

304 734 455 795 dum
479 736 767 797 baberent
790 736 1103 809 missionis,
1126 736 1233 819 qui
1273 756 1313 799 a
1334 736 1561 799 victore
1596 756 1834 818 poenam
1869 736 2221 797 timuissent.

306 832 579 906 Idcirco,
604 852 743 895 cum
766 832 847 893 de
877 833 1013 895 loeo
1042 843 1105 895 et
1138 843 1403 916 tempore
1426 834 1762 895 dimittendi
1785 842 2044 915 coeptum
2067 843 2224 895 esset

306 931 433 1009 agi,
454 940 627 1011 gestu
652 949 727 992 ac
750 950 901 991 voce
924 928 1353 1009 significarunt,
1394 940 1414 969 ⁶
1437 930 1637 993 statim
1659 930 1816 991 mitti
1835 929 2010 991 velle.
2078 929 2220 991 Nec

304 1028 473 1088 enim
526 1036 733 1110 postea
780 1026 961 1089 fidem
1006 1028 1427 1109 promissorum
1492 1030 1854 1110 proestituroe
1901 1028 2106 1099 duces,
2169 1028 2220 1089 si

308 1142 573 1205 prasens
594 1125 910 1187 neeessitas
932 1125 1349 1189 abscessisset?
1413 1124 1686 1187 Tandem
1711 1126 1802 1186 ita
1823 1124 2126 1197 convenit,
2153 1135 2224 1188 ut

306 1221 417 1300 qni
446 1220 837 1301 pomasiones
868 1222 1157 1283 haberent
1176 1223 1235 1281 in
1264 1220 1595 1302 Hispania,
1622 1222 1860 1291 statim;
1901 1220 2116 1303 reliqui
2142 1222 2220 1283 ad

307 1316 549 1377 Varum
590 1314 829 1391 flumen,
854 1318 961 1398 qui
998 1316 1337 1379 Galliarum
1382 1327 1445 1379 et
1490 1318 1748 1397 Liguriae
1785 1319 2069 1379 terminus
2107 1328 2218 1391 est,

304 1412 773 1475 dimitterentur.
852 1414 1151 1476 Proximo
1189 1414 1373 1476 biduo
1414 1414 1654 1487 milites,
1692 1416 1744 1475 si
1779 1434 1930 1495 quas
1963 1416 2118 1477 inter
2155 1437 2218 1477 se

306 1512 743 1573 controversias
762 1514 1071 1584 haberent,
1100 1512 1255 1574 ultro
1282 1512 1363 1574 ad
1390 1512 1694 1575 Ciesarem
1719 1513 1780 1573 in
1797 1514 1902 1591 jus
1926 1512 2219 1575 adierunt.

393 1614 497 1669 35.
542 1607 781 1671 Interea
820 1610 1000 1672 tertia
1040 1608 1223 1671 ferme
1260 1610 1567 1691 copiarum
1608 1609 1854 1671 dimissa
1891 1618 2084 1691 parte,
2131 1611 2218 1679 Q.

312 1704 495 1767 Fufio
538 1704 777 1769 Kaleno
820 1706 1021 1787 legato
1062 1706 1269 1768 Caesar
1310 1706 1692 1769 deducendos
1728 1706 1988 1787 reliquos
2027 1706 2219 1769 dedit.

312 1801 634 1866 Profectio
668 1804 755 1865 sic
794 1804 1063 1865 instituta
1084 1812 1199 1877 est,
1224 1813 1293 1865 ut
1314 1804 1449 1865 duae
1482 1804 1746 1884 legiones
1769 1803 2028 1865 Caesaris
2051 1814 2220 1865 ante-

306 1898 617 1971 oederent,
642 1910 857 1961 ceterae
880 1910 1285 1981 sequerentur,
1314 1902 1377 1963 in
1400 1900 1599 1963 medio
1624 1900 1948 1963 Afraniani
1985 1910 2216 1973 essentg

308 2005 375 2057 et
407 2005 577 2057 terna
612 2007 809 2059 castra
848 1999 907 2058 in
932 1998 1131 2060 vicino
1156 2006 1528 2079 ponerentur.
1612 1996 1744 2057 Ubi
1768 2007 2116 2079 perventum
2139 1998 2220 2060 ad

2365 476 2542 548 6183

310 2092 573 2167 Varum,
602 2094 860 2177 reliquus
890 2096 1185 2156 exercitus
1206 2094 1479 2157 dimissus
1514 2104 1623 2157 est.
1709 2094 1914 2157 Duces
1949 2116 2084 2159 cum
2127 2098 2218 2159 in-
2241 2110 2378 2169 Plut.
2425 2112 2546 2164 Dio.

306 2191 665 2271 signieribus
678 2192 1087 2253 centurionum
1110 2201 1173 2253 et
1196 2191 1451 2254 militum
1475 2192 1556 2254 ad
1582 2192 1940 2274 Pompeium
1967 2192 2220 2275 profecti

308 2297 483 2350 sunt:
528 2288 779 2351 aliorum
812 2309 1061 2369 magnus
1092 2310 1389 2363 numerus,
1427 2288 1698 2353 feliciora
1740 2290 2006 2372 auspicia
2047 2293 2217 2373 sequi

306 2394 529 2457 eei-tm,
554 2394 927 2449 sacramento
950 2384 1111 2468 apud
1135 2386 1433 2449 Caesarem
1458 2386 1635 2449 dixit.

392 2488 497 2543 36.
540 2481 771 2553 Caesar,
792 2484 890 2543 his
910 2483 1083 2545 rebus
1120 2484 1321 2563 gestis,
1346 2502 1688 2564 quanquam
1722 2484 1926 2547 multis
1961 2484 2216 2563 magnis-
2261 2501 2387 2553 σω,
2403 2500 2466 2552 de
2477 2502 2541 2552 B.

310 2598 429 2659 que
453 2580 651 2641 causis
680 2581 741 2642 in
776 2578 1023 2643 Italiam
1062 2580 1475 2653 revocabatur,
1504 2590 1706 2641 tamen
1739 2582 1854 2641 nisi
1893 2590 2218 2663 perpacata
2241 2566 2351 2620 Ci'·
2381 2583 2444 2619 ¹¹·

310 2675 621 2758 Hispania
666 2676 956 2739 excedere
1009 2676 1293 2740 nolebat:
1350 2678 1593 2751 veritus,
1638 2679 1784 2759 quia
1833 2678 1894 2738 in
1946 2678 2220 2740 citeriore
2245 2672 2262 2693 ‘

308 2774 623 2855 provincia
646 2776 937 2837 maximas
958 2774 1266 2837 clientelas
1300 2774 1633 2857 Pompeius
1669 2776 1954 2848 habebat,
1995 2797 2070 2837 ne
2109 2776 2220 2836 ite·

310 2890 441 2931 rum
465 2870 691 2933 bellum
716 2874 923 2952 ingens
947 2872 1245 2933 existeret.
1330 2872 1593 2945 Idcirco,
1613 2874 1700 2942 Q.
1723 2874 1934 2935 Cassio
1955 2872 2222 2953 Longino

310 2968 551 3031 tribuno
576 2969 771 3051 plebis
794 2990 929 3031 cum
950 2968 1187 3031 duabus
1211 2970 1543 3050 legionibus
1576 2972 1898 3052 praemisso,
1922 2972 2048 3053 ipse
2085 2990 2222 3031 sex-

310 3076 521 3129 centos
569 3067 801 3149 equites
842 3066 1073 3145 magnis
1116 3065 1421 3128 itineribus
1464 3066 1636 3129 ducit
1684 3066 2054 3140 Cordubam,
2099 3086 2223 3149 quo

310 3163 627 3227 convenire
678 3164 1053 3243 magistratus
1098 3164 1515 3245 principesque
1564 3164 1888 3245 provincie
1941 3167 2221 3244 jusserat.

314 3259 519 3322 Nulla
556 3258 672 3321 fuit
713 3260 949 3331 civitas,
992 3280 1125 3341 quoe
1172 3258 1535 3321 detrectaret
1582 3261 1912 3342 imperium.
1994 3261 2224 3323 Contra

316 3358 602 3430 Varroni,
654 3359 759 3440 qui
805 3358 1093 3419 hactenus
1138 3377 1271 3418 eam
1322 3358 1686 3438 provinciam
1735 3358 2092 3432 obtinuerat,
2137 3369 2222 3433 et,

316 3455 627 3538 empletis
650 3456 885 3517 duabus
922 3455 1275 3536 legionibus,
1300 3454 1543 3535 triginta
1577 3456 1850 3517 cobortes
1873 3456 2092 3519 alarias
2115 3457 2224 3519 ad-

304 3555 563 3632 jecerat,
588 3553 787 3615 subito
824 3551 1041 3614 infesta
1074 3552 1278 3613 omnia
1312 3551 1483 3615 fiunt.
1568 3552 1984 3615 Cordubenses
2021 3555 2223 3637 praesi-

316 3650 479 3711 dinm
506 3650 589 3711 ab
602 3670 677 3711 eo
700 3648 939 3710 missum
964 3650 1025 3709 in
1052 3669 1163 3710 sua
1185 3657 1481 3730 potestate
1506 3650 1762 3721 babentg
1793 3650 2223 3720 Carmonenses

316 3747 580 3827 ejiciunt.
668 3744 864 3807 Varro
906 3744 1115 3825 Gades
1164 3746 1249 3806 ire
1300 3744 1722 3818 destinaverat,
1773 3748 1836 3807 in
1879 3766 1954 3807 ea
2003 3747 2220 3821 insula,

315 3843 609 3905 frumento
636 3842 1001 3923 navibusque
1020 3842 1395 3924 comparatis,
1414 3840 1555 3903 duci
1579 3842 1808 3903 bellum
1831 3863 2000 3924 posse
2025 3852 2218 3905 ratus:

317 3940 657 4025 oppidoque
684 3940 761 4001 C.
788 3940 1143 4002 Gallonium
1178 3941 1531 4003 familiarem
1571 3940 1824 4003 Domitii
1856 3942 2220 4023 praefecerat.

322 4036 441 4099 Sed
492 4040 547 4099 is
598 4037 1037 4101 Gaditanorum
1086 4039 1261 4099 minis
1309 4038 1543 4099 territus
1598 4036 1877 4119 profugit.
1960 4037 2220 4101 Varroni

319 4155 451 4197 cum
477 4134 779 4207 Gadibus,
800 4154 939 4195 cum
966 4134 1203 4197 Italica}
1230 4134 1551 4217 praelians
1585 4134 1782 4196 aditus
1819 4145 1994 4207 esset,
2017 4145 2079 4198 et
2103 4158 2224 4199 una

320 4232 472 4312 legio
510 4252 589 4293 ex
633 4230 889 4303 duabus,
928 4233 1059 4314 ipso
1098 4232 1487 4313 inspectante,
1522 4231 1886 4295 discessisset
1917 4254 1951 4294 e
1990 4234 2220 4307 castris,
