3300 5234
906 580 1113 631 nunu
1165 579 1321 629 clv.
1363 580 1451 630 δυ
1466 578 2010 629 PPhBMBNTUM.

330 732 467 785 tum
505 722 925 805 accipiendum
958 726 1191 805 equites
1215 724 1527 787 Romanos
1548 723 1930 795 retinuerant,
1958 741 2062 803 per
2095 740 2244 801 quos

330 822 659 901 sperabant
696 842 835 882 suos
877 841 940 882 se
984 822 1221 882 obsides
1264 840 1611 901 recuperare
1655 840 1843 901 posse.
1928 818 2246 899 Principes

330 920 623 999 potentie
668 918 1054 998 audaciaeque
1100 918 1325 979 Veneti
1368 926 1561 989 erant,
1599 917 1680 979 ad
1721 936 2010 979 oceanum
2044 915 2250 977 colens

327 1014 615 1096 populus.
700 1014 859 1075 Cum
894 1016 987 1075 his
1021 1015 1287 1087 Osismii,
1323 1006 1723 1089 Curiosolitae,
1751 1013 2030 1084 Lexobii,
2067 1012 2247 1073 Nan-

326 1124 525 1185 netes‚
552 1120 617 1173 et
642 1112 779 1173 aliae
802 1114 1071 1175 nationes
1094 1133 1261 1174 arma
1274 1094 1636 1193 junxerant:
1680 1132 1719 1172 a
1746 1112 2045 1193 Menapiis
2064 1112 2246 1171 etiam

328 1208 415 1271 ad
452 1208 741 1270 Rhenum
778 1210 1133 1281 colentibus,
1160 1218 1225 1271 et
1246 1228 1325 1271 ex
1350 1209 1622 1291 opposita
1648 1207 1904 1269 Venetis
1930 1208 2248 1269 Britannia

326 1306 661 1367 auxiliares
692 1326 901 1367 manus
935 1308 1314 1391 parabantur.
1833 1304 1843 1315 “

412 1412 519 1465 96.
562 1402 769 1465 Caesar
807 1424 943 1465 cum
978 1404 1169 1464 multa
1198 1404 1456 1465 hostium
1498 1403 1726 1485 oppida
1763 1422 1980 1482 magno
2015 1402 2244 1479 labore,

320 1500 571 1561 modico
606 1520 807 1583 operae
836 1503 1027 1583 pretio
1054 1503 1327 1583 cepisset,
1352 1501 1834 1564 commutandam
1859 1500 1976 1561 sibi
2001 1501 2246 1579 gerendi

320 1596 477 1657 belli
504 1598 813 1670 rationem,
839 1606 903 1659 et
930 1598 1123 1661 classe
1152 1597 1587 1678 confligendum
1600 1596 1922 1678 judicavit.
2003 1597 2248 1659 Etenim

318 1698 393 1759 in
410 1698 819 1779 promontoriis
844 1697 1173 1779 linguisque
1198 1698 1313 1758 sita
1338 1696 1619 1779 pleraque
1644 1696 1871 1777 oppida
1895 1705 2083 1768 erant,
2109 1716 2243 1777 per-

322 1805 585 1873 angusto
622 1794 815 1867 aditu,
856 1802 937 1867 et,
982 1794 1301 1857 accedente
1346 1801 1518 1867 aestu,
1545 1794 1708 1874 quod
1747 1794 1841 1855 bis
1879 1794 2101 1855 accidit
2133 1794 2248 1871 bo-

320 1910 533 1951 tarum
566 1890 879 1953 duodecim
914 1892 1129 1973 spatio,
1157 1890 1610 1973 impenetrabili.
1693 1888 1798 1953 Ne
1812 1890 2084 1955 'navibus
2111 1889 2244 1971 qui-

320 1986 472 2047 dem
498 1986 651 2047 adiri
674 1996 805 2048 tuto
828 1990 1185 2068 poterant,¹²
1208 2007 1359 2068 quas
1383 1987 1654 2049 relabens
1673 1996 1848 2049 aestus
1867 1988 2018 2049 inter
2037 2007 2246 2068 aspera

318 2094 399 2145 et
414 2086 639 2147 vadosa
663 2086 798 2147 loca
820 2086 1204 2148 destituebat.
1274 2086 1467 2166 Igitur
1492 2087 1724 2167 quoties
1745 2107 1974 2148 summo
1992 2086 2245 2148 militum

319 2192 551 2243 conatu
584 2203 767 2265 opera
800 2194 959 2256 acta,
986 2194 1049 2245 et
1070 2204 1233 2245 mare
1260 2184 1571 2265 aggeribus
1598 2184 1906 2245 exclusum
1931 2192 2094 2255 erat3
2137 2184 2244 2245 ob-

320 2282 497 2351 sessi,
526 2280 837 2362 desperato
860 2283 1047 2343 teneri
1070 2282 1266 2343 locum
1293 2302 1484 2363 pooee,
1510 2302 1633 2342 rem
1659 2280 2072 2361 significabant
2103 2284 2243 2344 suis.

322 2376 443 2437 Illi
482 2397 697 2457 magno
732 2387 973 2460 repente
1000 2400 1241 2440 numero
1266 2380 1507 2440 navium
1534 2378 1824 2451 adhibito,
1852 2378 2013 2460 quod
2046 2379 2245 2441 facere

318 2474 457 2533 sine
502 2474 763 2555 periculo
796 2484 1093 2557 poterant,
1119 2476 1264 2557 quia
1288 2496 1470 2537 naves
1494 2474 1573 2535 ad
1596 2474 1862 2537 locorum
1898 2476 2246 2557 patientiam

320 2577 500 2631 erant
542 2570 877 2645 aedificatae,
914 2572 1183 2633 homines
1210 2592 1418 2633 omnes
1456 2592 1591 2632 cum
1630 2572 1820 2653 copiis
1853 2580 2032 2653 atque
2065 2569 2244 2635 armis

318 2667 389 2727 iu
434 2667 598 2729 aliud
636 2669 919 2751 oppidum
957 2668 1377 2751 deportabant,
1425 2690 1546 2750 quo
1584 2670 1635 2730 si
1683 2668 1994 2731 admovere
2035 2669 2246 2733 Caesar

316 2767 659 2826 exercitum
702 2767 911 2839 vellet,
956 2766 1183 2829 eaedem
1226 2766 1307 2829 de
1348 2770 1575 2848 integro
1617 2766 1998 2829 difficultates
2041 2788 2244 2831 omnes

318 2863 677 2944 superandae
717 2874 904 2925 erant.

408 2968 513 3025 97.
553 2960 683 3022 His
716 2963 897 3041 gatis
918 2965 1273 3044 cum-major
1300 2984 1438 3045 pars
1460 2962 1684 3024 aestatis
1709 2963 2080 3045 praeterisset,
2107 2974 2242 3025 tan-

322 3057 463 3118 dem
498 3078 637 3119 cum
670 3046 883 3131 classe,
922 3080 1102 3140 quam
1140 3060 1347 3121 Caesar
1380 3061 1440 3120 in
1484 3060 1682 3139 Ligeri
1716 3059 1901 3122 fluvio
1936 3058 2240 3122 oedifican-

322 3152 465 3215 dam
490 3165 825 3229 curaverat,
848 3157 933 3218 D.
957 3158 1181 3219 Brutus
1204 3156 1548 3220 adolescens
1572 3158 1837 3219 advenit.
1907 3158 2243 3219 Exiverunt

322 3260 540 3313 contra
570 3253 807 3313 circiter
838 3252 1113 3315 ducentae
1146 3254 1357 3334 viginti
1392 3254 1647 3316 bostium
1683 3274 1888 3327 naves,
1916 3254 2238 3336 praelioque

324 3352 639 3411 commisso
680 3352 857 3411 rebus
888 3352 1161 3413 omnibus
1193 3351 1497 3413 inferiores
1530 3350 1820 3425 Romani,
1846 3360 2240 3435 praeterqum

326 3446 493 3529 quod
515 3450 703 3509 virtus
722 3448 975 3509 militum
995 3450 1059 3509 e't
1074 3448 1347 3511 celeritas
1368 3449 1611 3510 navium
1636 3448 1866 3521 aderat,
1887 3448 2071 3510 falces
2090 3468 2239 3531 prae-

326 3554 536 3605 acutas
571 3544 853 3625 longuriis
886 3544 1097 3607 affixas
1130 3546 1547 3619 adhibuerunt,
1574 3556 1637 3607 et
1671 3546 1840 3607 funes
1874 3547 2092 3629 quibus
2130 3568 2237 3608 an·

323 3649 523 3701 tennoe
562 3641 642 3701 ad
688 3642 878 3703 malos
917 3642 1227 3704 destinatae
1268 3650 1457 3715 erant,
1498 3650 1897 3724 amputarunt.
1982 3643 2061 3704 Id
2099 3664 2238 3705 cum

324 3746 483 3799 emet
516 3737 763 3809 factum,
790 3748 853 3799 et
885 3738 1023 3799 vela
1057 3748 1533 3819 armamentaque
1573 3738 1949 3801 Gallicarum
1975 3740 2236 3811 navium,

324 3835 387 3894 in
412 3835 629 3915 quibus
650 3838 843 3897 omnis
860 3858 995 3918 spes
1010 3834 1225 3909 fuerat,
1248 3836 1485 3897 inutilia
1510 3836 1742 3909 fierent,
1763 3836 2032 3919 plurimae
2055 3856 2239 3898 naves

320 3940 725 4011 expugnatas:
777 3934 941 4014 quod
976 3935 1179 3995 subita
1221 3932 1481 3997 malacia
1524 3942 1587 3993 et
1626 3933 2024 4014 tranquillitas
2061 3934 2239 3993 maris

322 4028 511 4089 etiam
542 4028 701 4109 fugae
734 4029 1079 4091 facultatem
1111 4028 1480 4111 praeciderat.
1518 4050 1525 4057 ·
1571 4028 1762 4091 Hanc
1786 4050 2044 4111 pugnam
2066 4028 2236 4091 dedi-

320 4126 411 4186 tio
446 4127 643 4205 gentis
672 4134 897 4188 secuta.
979 4127 1234 4189 Senatus
1268 4127 1457 4188 omnis
1479 4136 1758 4189 necatus:
1798 4126 1978 4189 ceteri
2001 4128 2112 4187 sub
2133 4146 2236 4189 co·

318 4242 473 4284 rona
498 4222 727 4285 venditi
750 4210 907 4285 sunt.

902 4434 965 4481 12
998 4430 1201 4482 Poterat
1221 4429 1347 4483 edd.
1369 4438 1491 4483 ante
1513 4432 1672 4484 Crev.

2399 561 2576 627 5047

2267 728 2408 779 ome.
2426 744 2500 779 vr.
2519 732 2572 779 8.

2267 794 2376 845 Ποῖ
2380 809 2484 845 11111
2487 797 2572 845 1⁰.

2266 860 2396 911 em.
