3300 5234
776 561 987 610 mum
1035 562 1230 610 oxu.
1274 560 1615 612 surenam
1634 562 1921 612 aurun.
2273 519 2476 614 5259·

216 700 339 760 fuit
362 701 677 782 Antipatri
710 722 911 784 opera,
960 703 1065 783 qui
1103 705 1181 764 ab
1220 703 1515 785 Hyrcano
1556 705 1746 766 tribus
1781 703 2126 766 Judaeorum
2182 716 2388 780 Joseph.

218 797 485 859 millibus
528 798 827 872 adductis,
866 803 1085 882 primus
1126 822 1444 873 murorum,
1492 822 1627 882 quae
1675 804 1787 883 ipsi
1829 810 2125 874 evenerat,
2149 781 2419 898 fftetxd}

110 903 117 910 ‘
217 905 453 974 partem
480 895 717 974 dejecit.
803 896 977 957 Idem
1012 907 1075 958 et
1112 898 1355 959 Arabas
1400 899 1662 980 hospites
1695 921 1854 970 suos,
1885 899 2130 959 Soaemi-
2153 911 2216 960 B.
2238 912 2270 960 J
2275 913 2359 961 ud.

218 1011 341 1070 que
368 989 557 1052 filium
585 991 1003 1065 Ptolemaeum,
1040 1003 1103 1055 et
1134 994 1546 1056 Jamblichum
1590 996 1844 1074 reguloS,
1883 994 2128 1055 multas·
2153 993 2192 1028 ¹·
2213 981 2264 1026 ⁷·

217 1109 339 1168 que
386 1099 671 1169 praeterea
714 1089 999 1172 Syrorum
1039 1092 1309 1153 civitates
1345 1092 1423 1152 ad
1462 1093 1754 1154 mittenda
1793 1092 2132 1153 Mithridati

217 1187 459 1247 auxilia
497 1187 831 1268 impulerat.

300 1290 407 1346 78.
453 1284 735 1346 Ceterum
754 1284 987 1346 deinde
1034 1286 1145 1346 iter
1178 1286 1256 1346 ad
1284 1287 1583 1348 Caesarem
1622 1286 1998 1348 contendenti
2023 1309 2136 1369 pa-

215 1381 441 1454 catiuS,
469 1391 679 1462 praeter
702 1402 917 1442 nomen
964 1383 1239 1455 Caesaris,
1276 1393 1339 1444 et
1383 1385 1794 1444 auctoritatem
1841 1386 2127 1458 victoriae,
2157 1391 2290 1440 Hirt.

216 1477 383 1538 idem
430 1477 757 1558 Antipater
804 1479 1097 1559 praestitit,
1144 1479 1459 1560 AEgyptios
1500 1479 1541 1538 J
1546 1479 1770 1552 udaeoS,
1811 1491 2132 1561 conspectu
2155 1455 2359 1520 ³⁰⁵⁰Ph·

216 1593 353 1642 suo,
380 1582 447 1632 et
474 1573 769 1654 pontificis
811 1558 1043 1635 ostensa
1081 1575 1354 1656 epistola,
1384 1578 1443 1636 in
1480 1586 1678 1656 partes
1723 1576 2132 1656 pertrahendo·

219 1668 325 1730 Ita
354 1680 418 1730 et
444 1672 549 1750 qui
594 1670 771 1730 Onioe
812 1674 1110 1750 regionem
1156 1672 1498 1734 incolebant
1534 1673 1756 1744 Judaei,
1795 1693 1958 1732 arma
1995 1693 2134 1752 quae

218 1766 591 1846 prohibendo
619 1769 813 1828 itineri
836 1778 1183 1839 sumserant,
1211 1778 1529 1849 posuerunt
1544 1791 1561 1840 ;
1606 1778 1672 1829 et
1710 1770 1912 1829 omnia
1935 1770 2144 1848 hospi-

220 1863 431 1924 taliter
468 1865 847 1945 praebuerunt
871 1866 1180 1926 exercitui.
1265 1866 1374 1926 Ab
1403 1867 1565 1927 Onia
1592 1865 1854 1926 Simonis
1875 1865 2002 1926 filio
2025 1865 2138 1924 Ju-
2192 1870 2391 1934 Joneph·

198 1958 491 2030 ‚daeorum
519 1960 825 2040 pontifice,
849 1961 966 2022 loci
995 1983 1209 2022 nomen
1234 1962 1555 2022 deductum
1581 1975 1693 2034 est,
1721 1965 1849 2043 qui,
1865 1970 2136 2023 vastante
2161 1933 2462 2048 ssssxssgssud'

221 2055 721 2137 Hierosolymam
769 2058 1100 2130 Antiocho,
1150 2061 1211 2117 in
1257 2059 1584 2140 AEgyptum
1626 2061 1880 2138 fugiens,
1925 2079 2146 2118 conce-
2195 2065 2377 2116 Euseb.

218 2153 406 2214 dente
434 2154 771 2214 Ptolemaeo
814 2155 1099 2236 templum
1128 2155 1204 2216 ad
1228 2156 1674 2216 similitudinem
1706 2157 1882 2236 patrii
1909 2157 1968 2215 in
2001 2155 2138 2215 He·
2163 2128 2448 2245 &Qui-850

220 2249 585 2330 liopolitano
609 2271 763 2330 pago
788 2259 1179 2312 exstruxerat.
1224 2251 1418 2310 Haud
1442 2253 1645 2331 procul
1677 2251 1814 2310 inde
1842 2251 2141 2331 Memphis
2197 2227 2468 2308 Hieremia

219 2347 477 2406 aberat:
524 2347 743 2424 (stadia
778 2358 1014 2408 centum
1060 2349 1400 2426 octoginta⁰
1445 2349 1764 2408 intererant
1782 2351 1828 2426 τ)
1869 2349 2145 2426 cognito-
2163 2321 2360 2437 gast-⁰·
2381 2327 2432 2372 ⁹·

219 2465 342 2527 que
396 2465 667 2505 successu
712 2444 1107 2517 Mithridatis,
1144 2445 1279 2505 inde
1319 2466 1555 2526 quoque
1602 2446 1787 2524 legati
1831 2454 2138 2516 venerunt,
2195 2451 2361 2502 Adon.

220 2540 517 2622 oppidum
562 2541 861 2601 dedentes·
947 2541 1043 2602 Eo
1087 2550 1357 2622 recept0‚.
1398 2541 1780 2602 Mithridates
1807 2540 1884 2600 ad
1909 2541 2141 2622 AEgyp-
2161 2516 2367 2646 {³323}-

220 2640 383 2698 tium
422 2637 610 2698 Delta
652 2639 949 2719 processit.
1448 2681 1455 2688 ·
2194 2647 2396 2712 Joseph.

302 2743 415 2799 79.
461 2733 665 2795 Insula
704 2745 797 2796 est
836 2734 997 2796 haud
1032 2735 1241 2816 procul
1279 2732 1679 2806 Alexandria,
1708 2757 1890 2815 quam
1926 2738 1987 2795 in
2013 2737 2146 2815 ejus²
2164 2709 2336 2824 ἑῇς·

220 2833 421 2894 literae
454 2832 723 2903 formam,
766 2853 885 2892 una
921 2841 1095 2913 parte.
1130 2853 1311 2903 mare,
1362 2832 1595 2894 duabus
1642 2831 2034 2892 Pelusiacum
2077 2840 2141 2892 et
2163 2841 2398 2892 Marcell.

223 2931 609 3012 Canopicum
674 2929 813 2990 Nili
870 2931 1030 2993 ostia
1073 2931 1497 3009 constringunt.
1606 2928 2140 3010 Appropinquanti
2167 2905 2456 3021 xffr'ffibgol.

224 3031 423 3090 missae
451 3049 489 3088 a
514 3027 850 3089 Ptolemaeo
876 3028 1067 3108 copiae
1106 3035 1499 3090 occurrerunt.
1586 3025 1814 3091 Eorum
1839 3047 1996 3107 pars,
2025 3045 2149 3086 non·
2166 3035 2294 3086 Hirt.

221 3125 563 3206 expectatis
604 3124 1112 3204 subsequentibus,
1162 3123 1381 3184 flumen
1433 3142 1555 3202 quo
1608 3121 1800 3182 Delta
1847 3123 2154 3182 clauditur

222 3235 622 3301 transgressa,.
638 3231 935 3282 tenentem
980 3243 1043 3282 se
1084 3223 1327 3282 munitis
1368 3220 1654 3280 Romana
1699 3219 1895 3280 forma
1935 3222 2146 3281 castris

228 3317 654 3379 Mithridatem
680 3327 895 3378 temere
923 3318 1240 3380 lacessivit.
1328 3316 1454 3377 Sed
1477 3317 1794 3397 improvisa
1823 3316 2156 3378 Mithrida-u

224 3418 305 3475 tis
328 3415 644 3496 eruptione
672 3435 919 3492 magnus
943 3435 1217 3474 numerus
1240 3433 1377 3474 cum
1402 3413 1553 3474 duce
1583 3412 1934 3474 Dioscoride
1967 3431 2144 3472 occu·
2169 3422 2286 3472 Dio.
2307 3423 2439 3474 Hirt.

227 3513 384 3572 buit.
472 3511 717 3571 Ceteros
757 3511 969 3571 notitia
1012 3511 1276 3572 locorum
1313 3495 1487 3580 texit,
1528 3518 1633 3570 aut
1680 3511 1893 3589 quihus
1927 3507 2152 3568 flumen·

228 3609 591 3668 transierant
618 3609 854 3686 navigia
879 3616 1265 3688 reportarunt.
1354 3608 1429 3668 In
1464 3607 1585 3667 hoc
1619 3608 1800 3665 etiam
1825 3606 2032 3686 praelio
2057 3607 2154 3663 in-·
2207 3602 2410 3664 1⁰⁸09h·

228 3705 418 3784 siguis
446 3703 757 3785 Antipatri
784 3723 968 3785 opera
1008 3704 1143 3774 fuit,
1172 3703 1275 3784 qui
1304 3703 1596 3762 laboranti
1628 3700 1968 3761 Mithridati
2007 3701 2154 3760 sub·
2173 3666 2425 3780 ῗδῗΐὲῖἑζ

231 3803 423 3872 venit,
450 3800 883 3880 AEgyptiosque
911 3803 1045 3879 jam
1072 3820 1179 3860 sua
1203 3800 1479 3881 opinione
1514 3800 1768 3859 victores
1794 3798 2040 3878 pepulit.
2171 3795 2231 3843 Β·
2247 3793 2362 3846 Jud.
2377 3795 2474 3845 1:³1.

312 3905 419 3958 80.
465 3895 621 3956 Cum
659 3896 875 3958 deinde
914 3906 1113 3958 cetera
1154 3895 1475 3958 multitudo
1516 3895 1872 3966 advenisset,
1903 3894 2145 3954 Mithri·
2203 3909 2332 3960 Hirt.
2353 3915 2405 3958 et

229 3995 407 4057 dates
444 3995 646 4055 denuo
686 4003 913 4075 coeptus
952 3995 1305 4075 oppugnari,
1347 3995 1583 4054 nuntios
1628 3991 1706 4056 ad
1746 3991 2040 4052 Caesarem
2068 3989 2146 4050 de
2171 3974 2289 4023 ¹3³⁰·

232 4093 415 4154 rebus
437 4093 559 4152 suis
583 4091 763 4152 misit.
851 4091 1035 4170 Ergo,
1060 4092 1171 4152 sub
1196 4091 1355 4152 idem
1382 4099 1635 4171 tempus,
1665 4099 1728 4149 et
1753 4089 1849 4149 hic
1890 4085 1966 4148 ad
1995 4088 2156 4146 reci--

245 4295 515 4442 c⁰Stodia
530 4330 717 4376 centum
732 4323 1001 4389 octoginta]
1024 4325 1211 4382 Leuca
1234 4330 1501 4376 nostrates
1534 4329 1742 4388 septem
1767 4337 1883 4372 cum
1913 4320 2148 4372 dimidia.

290 4406 393 4440 rev.
