3300 5234
790 532 973 601 ⁵276
994 516 1001 526 “

790 702 924 754 Plut.
948 702 1055 755 An·

794 776 895 847 ¹031·

790 831 909 885 Dio.

822 1198 929 1249 Cic.
949 1198 1013 1248 ad

788 1262 899 1313 Att.
926 1280 1025 1315 vn.
1040 1268 1088 1316 8.

784 1326 903 1379 Dio.

784 1574 895 1625 Liv.
916 1576 1052 1641 Epit.

816 1640 924 1690 cic.
946 1642 1007 1691 sd

780 1702 892 1755 Att.
910 1721 988 1757 ιι.
1004 1712 1086 1761 2⁸.

779 1768 897 1819 Dio.

780 1832 970 1948 3:²4.

814 1963 920 2013 cic.
953 1964 1080 2015 Phil.

784 2044 861 2105 vr..
884 2034 947 2079 4.-

776 2090 897 2143 Dio.

770 2638 905 2690 Plut.

804 2736 909 2785 Cic.
930 2734 1057 2791 Phil.

770 2815 835 2848 ιι.
858 2806 945 2851 2⁶.

803 2866 881 2914 Id.
900 2865 969 2915 ib.
987 2871 1071 2918 88.

771 2940 822 2979 ct
837 2930 969 2983 mut.

1773 550 1846 601 Τ.
1891 550 2088 601 mvn

1198 698 1299 755 8³.
1344 692 1449 755 Sic
1494 692 1714 755 affecta
1755 692 2024 765 civitate,
2070 691 2155 753 P.
2197 688 2514 753 Cornelius
2555 688 2884 753 Dolabella
2921 708 3027 750 ex·

1112 798 1277 851 ortus
1314 798 1405 851 est
1438 810 1722 852 novarum
1758 790 2100 851 tabularum
2140 797 2370 861 auctor,
2410 788 2757 851 adolescens
2799 786 3024 859 audax,

1112 888 1349 960 nobilis,
1376 888 1695 959 obaeratus,
1719 887 1998 969 qualibus
2032 887 2270 948 scilicet
2303 885 2384 947 ad
2419 885 2800 947 evertendum
2827 886 3030 947 omnia

1112 984 1263 1047 nihil
1296 994 1386 1045 est
1418 985 1702 1066 paratius.
1783 983 1934 1044 Erat
1973 985 2024 1043 is
2063 1003 2252 1065 nuper
2287 981 2568 1064 exemplo
2609 980 2695 1043 P.
2740 981 2950 1044 Clodii
2991 1002 3026 1043 e

1112 1080 1375 1161 patriciis
1416 1090 1807 1161 transgresus
1849 1080 1928 1141 ad
1974 1078 2234 1161 plebem,
2281 1080 2596 1141 occasione
2644 1078 2797 1139 forte
2843 1088 3022 1139 testa·

1110 1178 1316 1251 menti,
1342 1198 1462 1259 quo
1488 1178 1660 1239 Livia
1692 1177 1984 1239 haeredem
2021 1178 2353 1238 institutum
2389 1186 2621 1237 mutare
2655 1196 2868 1237 nomen
2891 1177 3022 1255 jus-

1110 1284 1305 1336 seratz
1360 1274 1463 1335 sed
1510 1276 1842 1335 tribunatus
1884 1273 2128 1355 petendi
2174 1273 2487 1335 consilium
2535 1274 2752 1345 fuerat,
2797 1274 2860 1332 in
2903 1293 3023 1353 quo

1110 1369 1272 1453 leges
1308 1392 1373 1432 se
1407 1371 1666 1433 laturum
1701 1369 2060 1441 confidebat,
2097 1371 2314 1451 quibus
2354 1380 2416 1431 et
2448 1371 2574 1452 ipse
2607 1369 2874 1430 maximo
2907 1388 3022 1429 aere

1108 1469 1307 1529 alieno
1348 1468 1718 1529 liberaretur.
1823 1465 2058 1527 Idcirco
2101 1466 2295 1527 factus
2341 1467 2612 1527 tribunus
2649 1464 2862 1547 plebis,
2905 1484 3020 1525 non

1108 1564 1211 1627 diu
1247 1564 1479 1626 distulit
1512 1564 1589 1625 de
1631 1562 1854 1623 tabulis
1879 1564 2050 1623 novis
2072 1562 2446 1643 promulgare
2472 1562 2832 1641 rogafionem
2859 1560 3020 1641 plebi

1109 1662 1517 1741 gratissimam.
1602 1658 1728 1719 Sed
1771 1660 1843 1719 L.
1883 1657 2222 1719 Trebellius
2261 1658 2496 1739 collega
2535 1656 2900 1727 Dolabellae,
2941 1655 3017 1718 C.

1112 1758 1311 1818 Asinii
1352 1757 1619 1839 potentia
1659 1755 1920 1835 adjutus,
1957 1755 2316 1817 creditorum
2359 1764 2632 1836 suscepta
2669 1775 2874 1827 causa,
2911 1775 3018 1835 op-

1106 1854 1417 1916 timatibus
1464 1862 1531 1913 et
1580 1852 1952 1934 locupletiori
2005 1854 2162 1934 parti
2223 1853 2482 1915 civitatis
2531 1860 2663 1913 erat
2701 1850 3016 1931 jucundis-

1106 1970 1307 2012 simus.

1186 2055 1285 2108 34.
1329 2045 1439 2107 Ab
1480 2047 1690 2107 horum
1736 2045 2172 2107 concertatione
2219 2046 2418 2124 magni
2459 2044 2746 2105 tumultus
2785 2044 3018 2105 initium

1103 2144 1163 2205 in
1208 2145 1377 2205 Urbe
1418 2143 1567 2204 fuit:
1608 2164 1748 2203 cum
1784 2151 2034 2223 utraque
2074 2142 2261 2203 factio
2285 2142 2476 2223 captis
2502 2143 2680 2203 armis
2705 2142 2828 2203 vim
2852 2142 3015 2205 face-

1098 2250 1211 2315 ret,
1252 2244 1595 2322 crebraeque
1639 2241 1781 2302 hinc
1825 2238 1964 2300 inde
2009 2239 2207 2300 caedes
2245 2248 2635 2321 patrarentur.
2719 2239 2916 2318 Igitur
2955 2250 3018 2303 et

1096 2348 1335 2401 senatus
1378 2339 1730 2408 intercessit,
1775 2358 1900 2399 rem
1949 2337 2239 2417 integram
2287 2338 2348 2398 in
2389 2337 2713 2399 adventum
2756 2336 3016 2401 Gnatis

1096 2438 1317 2498 servari
1338 2437 1595 2517 jubens:
1638 2443 1702 2495 et
1729 2433 2032 2496 Antonius
2067 2436 2392 2513 gestatione
2428 2454 2720 2495 armorum
2749 2434 2810 2495 in
2839 2434 3012 2497 Urbe

1096 2533 1407 2594 interdixit
1425 2532 1721 2614 paganis.‘¹
1804 2530 1928 2592 Sed
1955 2530 2059 2591 ille
2085 2542 2284 2591 tamen
2311 2533 2372 2591 in
2401 2530 2639 2592 occulto
2669 2529 3012 2592 Dolabellae

1096 2628 1363 2701 favebat,
1387 2628 1692 2710 popularis
1729 2627 1950 2689 favoris
1987 2648 2218 2708 semper
2254 2636 2560 2709 appetens,
2596 2636 2660 2688 et
2698 2629 2760 2688 in
2800 2628 3008 2689 eadem

1094 2744 1277 2787 causa
1320 2726 1695 2795 constitutus,
1737 2743 1860 2806 qua
1897 2726 2100 2795 ceteri,
2146 2724 2252 2805 qui
2295 2744 2482 2785 novas
2525 2724 2766 2785 tabulas
2806 2726 3007 2807 cupie-

1095 2823 1262 2885 bant.
1344 2822 1684 2902 Postquam
1726 2830 1925 2881 autem
1969 2842 2238 2893 uxorem,
2278 2821 2476 2903 patrui
2515 2822 2608 2881 sui
2649 2820 2726 2881 C.
2754 2821 3007 2884 Antonii

1094 2920 1307 2991 filiam,
1332 2938 1469 2979 cum
1508 2915 1837 2978 Dolabella
1871 2918 2058 2997 stupri
2083 2917 2568 2979 consuetudinem
2599 2917 2820 2979 habere
2845 2938 3004 2980 com-

1094 3018 1268 3098 perit,
1298 3023 1404 3077 aut
1436 3014 1786 3095 comperisse
1829 3022 1991 3073 ratus
2025 3023 2152 3082 est3
2199 3023 2262 3073 et
2295 3013 2460 3073 illam
2491 3014 2696 3093 exegit
2719 3011 2920 3087 domo,
2946 3025 3005 3076 et

1093 3116 1250 3176 hunc
1274 3130 1617 3194 oppugnare
1642 3111 1723 3170 ab
1747 3109 1956 3170 eodem
1981 3108 2120 3170 odio
2145 3110 2388 3171 statuit:
2430 3109 2594 3190 plebi
2617 3130 2856 3191 quoque
2871 3112 2998 3192 jam

1090 3212 1298 3282 iratus,
1344 3231 1383 3269 a
1423 3229 1543 3288 qua
1586 3205 1774 3287 pluris
1815 3205 1946 3266 fieri
1994 3204 2383 3267 Dolabellam
2420 3226 2600 3287 quam
2633 3226 2698 3267 se
2735 3208 2997 3280 videbat,

1089 3327 1227 3369 cum
1252 3306 1413 3387 apud
1438 3313 1708 3366 senatum
1731 3303 2058 3364 communis
2091 3302 2286 3385 culpae
2315 3306 2599 3384 majorem
2623 3314 2850 3387 partem
2877 3306 2997 3389 ipse

1088 3403 1418 3465 sustineret.

1170 3507 1270 3561 35.
1312 3500 1455 3562 Jam
1492 3507 1621 3560 erat
1655 3501 1710 3559 ei
1735 3516 2080 3559 concessum
2105 3499 2184 3557 ab
2209 3506 2417 3559 senatu
2449 3498 2631 3577 (juris
2652 3498 2811 3560 enim
2836 3496 2996 3577 quod

1088 3600 1404 3661 amiserant
1418 3602 1447 3631 ²
1498 3597 1820 3677 imaginem
1872 3594 2083 3656 saltem
2134 3596 2474 3667 tuebantur,
2508 3595 2794 3675 jubentes
2837 3594 2994 3677 quod

1652 3782 1686 3831 2
1717 3777 1962 3830 Amisene
1983 3776 2107 3827 edd.
2132 3785 2257 3829 ante
2283 3778 2442 3831 Crev.

1860 3904 1981 3927 ”00
1987 3904 2226 3929 NJNOOO

1146 4002 1173 4038 ⁴¹
1204 4000 1451 4065 Pugnis]
1515 4000 1605 4051 Sic
1646 4006 1793 4052 recte
1836 3998 2003 4050 vertit
2073 4012 2188 4047 aare
2223 3998 2458 4050 Quirites
2497 4004 2711 4049 vocatos
2746 4013 2883 4061 ease,
2903 3998 2989 4050 ad·

1086 4068 1471 4119 Freinshemius
1490 4066 1697 4124 ἰδιότην.
1728 4079 1829 4130 quo
1851 4079 2002 4114 voca·
2073 4064 2150 4112 dit
2174 4062 2290 4127 ὅπερ
2326 4062 2432 4112 ἐστὶ
2452 4062 2702 4123 σύμβολον
2731 4062 2990 4131 tormin-

1085 4136 1205 4183 bulo
1255 4136 1337 4183 hic
1396 4134 1561 4183 mitur
1602 4132 1727 4181 Dio.
1795 4130 2002 4180 Etenim
2069 4130 2160 4187 τῆς
2178 4126 2887 4192 “minuatne-raanan.
2919 4132 2990 4181 Et

1080 4200 1263 4250 usam
1295 4197 1434 4261 apud
1478 4198 1693 4247 Grecos
1732 4209 2000 4259 opponnn·
2071 4194 2312 4244 similiter
2347 4195 2456 4244 Dio
2495 4193 2564 4245 de
2605 4196 2790 4245 iisdem
2834 4194 2990 4246 decu-

1081 4260 1998 4379 zimffi‘fxsffi‘gaaeszffiffizzff
2068 4260 2560 4388 3³:²33ssth
2573 4258 2988 4387 τεξῑῗθηῗρ

1081 4409 1217 4459 rum,
1240 4402 1513 4460 postquam
1551 4392 1686 4443 dixit
1714 4406 1803 4442 eos
1827 4407 1858 4442 a
1880 4392 1994 4442 Cn·
2063 4389 2232 4441 τεῦπι
2252 4388 2531 4447 ἐβούλοντο.
2563 4390 2822 4443 Similiter
2842 4388 2982 4455 apud
