3300 5234
807 569 1002 650 5370

1794 575 1867 638 τ’.
1914 587 2105 638 mvn

1223 738 1326 793 94.
1369 739 1388 768 ‘
1415 730 1538 792 Sed
1563 749 1757 812 neque
1781 753 1889 793 vos
1912 731 2329 794 aversabimini
2356 751 2463 812 pro
2484 731 2579 792 his
2604 730 2870 813 praemia,
2896 751 3055 812 qna·

1142 827 1229 890 lia
1271 832 1526 910 majores
1564 831 1749 890 nostri
1788 830 2113 892 concedere
2146 838 2597 891 consueverunt.
2691 828 2847 890 Illos
2888 831 3057 890 enim

1141 929 1410 989 no‘vimus
1441 928 1731 989 sociorum
1778 936 1887 989 aut
1920 929 2171 989 aliorum
2212 928 2611 988 innocentium
2656 929 3056 1008 possessiones

1139 1045 1258 1086 non
1287 1025 1547 1105 attigisse
1571 1045 1586 1084 :
1629 1045 1705 1085 ne
1731 1026 1999 1085 hostibus
2022 1025 2263 1104 quidem
2296 1024 2587 1105 superatis
2622 1031 2813 1084 totum
2850 1024 3056 1104 eripu-

1139 1123 1254 1182 isse
1291 1143 1533 1202 agmmz
1577 1121 1687 1183 sed
1720 1131 1887 1203 parte
1929 1122 2169 1183 ademta
2209 1121 2527 1183 deduxisse
2562 1121 2833 1192 colonos,
2880 1131 2947 1182 ut
2986 1123 3055 1184 in

1137 1218 1335 1280 officio
1361 1219 1504 1280 victi
1530 1219 1987 1280 continerentur.
2072 1217 2259 1287 Quod
2284 1219 2335 1278 si
2362 1217 2517 1279 forte
2542 1219 2844 1298 angustior
2862 1237 3055 1299 quam

1138 1335 1248 1398 pro
1283 1335 1526 1376 numero
1565 1315 1909 1376 colonorum
1950 1335 2091 1394 ager
2126 1323 2279 1388 erat,
2324 1313 2704 1376 dividebatur
2746 1312 3054 1395 publicus,

1141 1422 1247 1474 aut
1282 1433 1321 1472 a
1357 1413 1697 1473 volentibus
1720 1413 2027 1472 emebatur
2056 1413 2331 1494 pecunia.
2417 1410 2567 1473 Hac
2611 1410 2855 1491 quidem
2900 1413 3055 1473 rati-

1133 1531 1277 1581 one,
1303 1529 1440 1570 cum
1481 1509 1574 1568 vis
1617 1509 1850 1590 imperii
1890 1529 2073 1590 penes
2108 1507 2393 1590 populum
2436 1517 2613 1582 esset,
2650 1508 2777 1568 sine
2802 1507 3057 1588 querela

1137 1609 1515 1686 cujusquam,
1551 1606 1616 1665 in
1654 1605 1923 1667 colonias
1958 1605 2435 1666 deducebamini.

1221 1710 1323 1763 95.
1352 1712 1371 1739 ‘
1395 1700 1618 1782 Nuper
1641 1700 1880 1762 demum
1902 1701 1973 1762 L.
1992 1701 2191 1783 Syna,
2210 1711 2273 1762 et
2290 1710 2497 1783 postea
2512 1700 2741 1776 omar,
2766 1704 3053 1784 patriam,

1140 1808 1426 1880 tanquam
1460 1799 1735 1860 hostilem
1782 1801 2009 1872 urbem,
2056 1801 2235 1860 armis
2278 1808 2544 1882 captam,
2584 1801 2763 1860 armis
2796 1800 3054 1862 retinere

1139 1916 1442 1958 necessum
1489 1896 1843 1958 habuerunt.
1952 1897 2169 1978 Itaque
2222 1897 2549 1958 satellitum
2612 1907 2676 1958 et
2736 1897 3055 1959 custodu-

1139 2003 1403 2073 egentes,
1449 2015 1663 2075 neque⁴
1696 1996 2029 2056 missionem
2080 1996 2249 2056 vobis
2292 1995 2434 2055 dare
2475 1993 2812 2068 voluerunt,
2858 2015 3057 2076 neque

1139 2090 1445 2171 publicum
1503 2089 1718 2151 saltem
1771 2112 1977 2171 agrum
2026 2090 2333 2161 dividere;
2396 2091 2503 2151 sed
2550 2111 2743 2172 neque
2795 2093 3055 2173 pretium

1139 2188 1590 2269 qualiscumque
1615 2187 1813 2248 solatii
1839 2209 2023 2249 causa
2046 2208 2354 2249 numerare
2380 2189 2827 2269 possessoribus,
2856 2209 3057 2272 quan·

1138 2305 1321 2365 quam
1373 2285 1761 2346 abundabant
1809 2287 2064 2367 pecunia
2114 2305 2193 2346 ex
2243 2285 2635 2365 vectigalibus
2683 2284 2938 2368 publicis
2990 2294 3059 2346 et

1137 2381 1346 2442 hasta:
1388 2401 1589 2443 verum
1625 2380 1872 2443 Italiam
1912 2383 2105 2442 omnis
2136 2391 2445 2464 expertem
2474 2381 2681 2443 delicti
2704 2380 3057 2462 predonum

1139 2499 1302 2540 more
1335 2480 1667 2560 spoliarunt
1700 2501 1868 2560 agro,
1901 2480 2075 2553 focis,
2113 2480 2251 2552 aris,
2289 2475 2599 2561 sepulcris,
2624 2499 2759 2561 quae
2795 2499 2907 2539 nec
2944 2499 3061 2540 ex-

1138 2578 1319 2638 ternis
1345 2577 1673 2638 ademimus
1685 2579 1853 2657 justo
1876 2577 2039 2638 bello
2063 2577 2344 2650 subactis,
2370 2577 2617 2637 decimis
2640 2577 3059 2638 tantummodo

1137 2674 1372 2753 frugum
1395 2676 1677 2738 contenti.
1762 2675 1867 2736 Sic
1894 2675 2070 2756 igitur
2093 2683 2418 2736 vestrorum
2442 2674 2663 2734 civium
2688 2675 2849 2734 bona
2880 2675 3061 2734 vobis

1137 2771 1334 2832 divisa
1367 2780 1542 2833 sunt:
1585 2793 1812 2846 eorum,
1840 2775 2106 2854 inquam,
2132 2774 2237 2853 qui
2272 2772 2529 2832 Caesaris
2551 2773 2737 2853 ipsius
2760 2772 3059 2854 auspicio,

1138 2869 1313 2929 vobis
1348 2863 1875 2941 commilitonibus,
1912 2869 2075 2931 bello
2116 2867 2362 2937 Gallico
2404 2868 2663 2928 tulerant
2696 2888 2895 2938 armag
2944 2871 3059 2949 qui

1139 2986 1249 3024 vos
1291 2963 1725 3046 proficiscentes
1766 2967 1825 3025 in
1868 2965 2310 3047 expeditionem
2350 2964 2757 3033 deduxerant:
2800 2965 2909 3046 qui
2942 2985 3057 3046 pro

1139 3060 1544 3121 incolumitate
1579 3071 1775 3122 vestra
1810 3072 1993 3142 atque
2029 3061 2281 3123 victoria
2315 3071 2460 3122 vota
2492 3060 2775 3122 fecerant.

1219 3165 1320 3218 96.
1365 3166 1384 3195 ‘
1409 3157 1494 3220 Et
1517 3159 1761 3220 deducti
1795 3160 2041 3241 quidem
2080 3161 2223 3220 estis
2247 3159 2357 3218 sub
2382 3159 2586 3238 signis,
2612 3158 2929 3237 densisque
2956 3177 3057 3218 or-

1137 3253 1397 3327 dinibus,
1433 3265 1502 3317 ut
1539 3266 1849 3338 appareret
1882 3276 1999 3316 non
2036 3255 2113 3316 ad
2150 3257 2411 3336 quietem
2444 3275 2567 3327 vos,
2612 3254 2715 3315 sed
2756 3254 2817 3314 in
2858 3255 3058 3316 aciem

1139 3351 1340 3412 venire
1364 3373 1380 3421 ;
1425 3364 1665 3433 paratos
1696 3353 1776 3414 ad
1816 3351 2181 3413 inferendam
2214 3353 2515 3432 injuriam,
2550 3371 2745 3432 neque
2784 3351 2867 3411 ab
2898 3351 3055 3412 alio-

1137 3468 1270 3508 rum
1294 3451 1518 3510 insidiis
1543 3459 1722 3511 tutos.
1766 3449 1992 3532 Neque
2018 3451 2173 3510 enim
2192 3448 2320 3510 fieri
2347 3457 2563 3531 potest,
2590 3458 2659 3512 ut
2678 3449 2898 3530 quibus
2924 3449 3057 3528 agri

1139 3547 1230 3607 sui
1269 3567 1374 3628 per
1411 3549 1532 3608 vim
1573 3549 1762 3609 ablati
1788 3557 1947 3620 sunt,
1974 3569 2097 3619 eos,
2134 3547 2360 3608 diutius
2394 3567 2577 3628 quam
2612 3565 2917 3607 necessum
2948 3548 3057 3616 sit,

1140 3663 1322 3724 penes
1359 3646 1608 3725 injustos
1641 3666 2002 3726 possessores
2036 3665 2160 3704 esse
2191 3645 2515 3725 patiantur.
2599 3641 2784 3704 Unde
2820 3643 3059 3724 liquido

1142 3751 1410 3821 apparet,
1455 3763 1574 3821 quo
1617 3742 1865 3802 consilio
1910 3743 1987 3802 sit
2030 3742 2145 3802 hcc
2184 3760 2223 3800 a
2262 3739 2529 3820 tyrannis
2568 3737 2817 3802 factum.
2901 3738 3057 3801 Non

1141 3839 1294 3897 enim
1322 3837 1610 3919 profecto,
1642 3859 1753 3898 vos
1776 3839 1863 3898 uti
1892 3858 2063 3918 agros
2095 3837 2413 3911 haberetis,
2442 3835 2599 3914 (dari
2624 3837 2781 3898 enim
2809 3836 3055 3900 aliunde

1139 3935 1294 3995 citra
1315 3935 1585 4014 injuriam
1608 3939 1929 4016 poterant,)
1948 3934 2052 3996 sed
2067 3944 2135 3996 ut
2159 3955 2267 3996 vos
2288 3934 2685 4014 intelligentes
2702 3935 2907 3997 multis
2926 3956 3056 3998 eme

1141 4031 1303 4103 odio,
1329 4031 1438 4092 fidi
1461 4032 1798 4093 defensores
1822 4035 2025 4094 essetis
2048 4035 2181 4114 ejus
2217 4033 2470 4114 imperii,
2495 4035 2670 4112 cujus
2696 4034 3055 4094 auctoritate

1140 4139 1354 4190 vestrae
1384 4129 1774 4210 possessiones
1814 4129 2289 4191 defenderentur.
2374 4128 2525 4191 Hoc
2548 4130 2709 4190 enim
2734 4150 2921 4190 unum
2956 4151 3055 4192 sa-

1143 4225 1433 4286 tellitibus
1464 4227 1743 4288 adversus
1776 4227 2149 4289 dominantes
2182 4235 2275 4288 est
2298 4225 2441 4286 fidei
2466 4225 2792 4299 vinculum,
2818 4237 2889 4287 ut
2910 4247 3053 4288 con-

1141 4330 1334 4382 tracta
1375 4343 1453 4384 ex
1488 4324 1901 4384 communibus
1936 4324 2173 4386 delictis
2218 4322 2488 4405 pericula
2530 4323 2828 4384 communi
2873 4325 3055 4386 etiam

1147 4417 1346 4480 Marte
1371 4440 1667 4502 operaque
1692 4420 2056 4502 propulsent.
