3300 5234
906 569 1115 622 cisni
1162 569 1301 622 cv:
1326 569 1970 622 suspensas-run.
2363 553 2554 624 00⁷8

324 719 495 776 «u.
525 711 690 776 Dum
712 714 800 775 ibi
816 723 1059 776 ventmn
1077 723 1359 796 expectat
1376 713 1605 786 emar,
1628 711 1966 776 Dumnorix
1985 713 2213 776 AEduo-
2237 727 2364 779 cn.

312 829 442 872 rum
468 811 759 894 princeps,
785 813 1045 891 quicum
1060 812 1363 892 equitibus
1384 811 1509 872 suis
1528 810 1605 870 ad
1625 810 1930 872 Caesarem
1949 820 2218 884 venerat,

312 925 449 966 eum
472 909 787 988 impetrare
814 909 1171 988 nequivisset
1208 916 1277 968 ut
1310 908 1371 968 in
1412 905 1623 968 Gallia
1657 906 2102 988 relinqueretur,
2127 908 2222 969 in·-

312 1004 439 1062 vito
488 1003 749 1076 Caesare,
799 1004 1043 1066 domum
1090 1005 1276 1085 coepit
1321 1003 1643 1065 discedere.
1745 1003 1950 1064 (ἕω
1990 1015 2224 1068 motum

314 1099 653 1161 Galliarum
692 1103 936 1173 veritus,
974 1101 1311 1183 postpositis
1349 1102 1527 1161 rebus
1564 1101 1858 1172 omnibus,
1897 1101 2079 1161 mittit
2113 1103 2220 1182 qui

318 1195 744 1278 Dumnorigem
786 1199 1125 1260 retrahant:
1194 1198 1273 1258 ab
1316 1197 1411 1258 his
1454 1215 1788 1277 repugnans
1831 1197 2214 1268 interficitur3

314 1291 497 1352 AEdui
543 1295 773 1375 equites
817 1294 898 1355 ad
938 1294 1239 1355 Caesarem
1273 1313 1477 1354 omnes
1516 1302 1900 1354 revertuntur.
1985 1293 2220 1354 Ceteris

312 1388 429 1450 hoc
454 1389 529 1450 ad
554 1391 799 1472 parendi
826 1391 1233 1452 necessitatem
1260 1389 1599 1470 exemplum
1624 1397 1734 1450 est.

390 1493 497 1548 65.
534 1487 727 1567 Igitur
762 1488 1092 1569 legionibus
1130 1490 1415 1570 quinque,
1450 1487 1686 1548 duobus
1707 1489 1976 1569 equitum
2003 1487 2217 1550 Gallo-

310 1601 441 1643 rum
476 1584 735 1646 millibus
770 1585 1065 1658 assumtis,
1090 1585 1301 1646 eodem
1338 1583 1474 1646 loco
1514 1584 1617 1644 nbi
1657 1605 1844 1666 nuper
1883 1585 2220 1668 appulerat,

310 1699 419 1759 per
450 1701 739 1742 smmum
778 1683 967 1742 otium
1002 1682 1253 1764 exponit
1290 1701 1465 1742 suosz
1504 1680 1669 1762 quod
1707 1681 2088 1744 multitudine
2113 1702 2220 1744 ua·

308 1777 473 1836 vium
516 1777 789 1840 Britanni
814 1779 1103 1860 perterriti
1144 1781 1314 1856 (nam
1354 1777 1435 1838 ad
1472 1777 1637 1838 mille
1663 1778 1902 1858 navigia
1929 1779 2220 1857 habebat)

308 1874 619 1952 probibere
654 1877 1097 1936 exscensionem
1142 1895 1261 1936 non
1308 1874 1628 1935 audebant.
1711 1875 1938 1946 Caesar,
1979 1877 2222 1954 cognito

307 1990 418 2050 per
455 1973 745 2053 captivos,
772 1993 893 2054 quo
916 1993 979 2034 se
1006 1971 1323 2053 recepisset
1362 1973 1567 2043 hostis,
1606 1991 1948 2053 quanquam
1979 1973 2230 2032 munitis

306 2064 459 2127 locis
480 2089 543 2128 se
568 2078 867 2130 tenentem
906 2069 1281 2151 profligavit;
1324 2067 1648 2148 fugientem
1687 2077 1924 2150 propter
1959 2070 2224 2130 locorum

304 2162 703 2241 ignorantia-
738 2167 966 2247 insequi
996 2165 1345 2246 supersedit.
1427 2166 1754 2236 Postridie,
1783 2167 2082 2248 tripartito
2115 2187 2222 2246 ag-

306 2261 465 2323 mine
493 2263 791 2342 profectus
830 2263 892 2323 in
918 2263 1383 2345 expeditionem,
1410 2283 1593 2324 naves
1618 2283 1758 2323 suas
1780 2283 1854 2322 ea
1873 2273 2045 2324 nocte
2070 2272 2220 2324 tem-

304 2361 635 2438 pestatibus
655 2361 1031 2422 vehementer
1050 2359 1300 2421 afflictas
1324 2381 1450 2420 esse
1476 2361 1797 2440 cognoscit.
1842 2360 1990 2421 Hoc
2013 2363 2226 2422 nuntio

304 2465 619 2518 revocatus
646 2457 725 2518 ad
750 2457 1021 2532 classem,
1048 2459 1108 2520 iu
1138 2457 1473 2520 reficiendis
1498 2458 2012 2538 subducendisque
2053 2459 2219 2519 navi-

300 2551 440 2626 bus,
492 2557 819 2638 castrisque
870 2557 955 2618 sic
1004 2556 1471 2619 communiendis
1520 2565 1588 2616 ut
1636 2556 1846 2618 eadem
1897 2557 2222 2617 munitione

304 2667 493 2713 naves
514 2673 751 2734 quoque
773 2652 1245 2726 defenderentur,
1270 2653 1479 2714 decem
1504 2654 1688 2716 ferme
1712 2654 1842 2715 dies
1879 2653 2224 2716 consumsit.

380 2754 491 2810 66.
534 2749 777 2812 Interea
810 2753 1093 2835 temporis
1134 2752 1435 2824 Britanni,
1475 2753 1652 2812 sociis
1689 2753 1906 2832 passim
1931 2750 2217 2821 evocatis,

304 2849 565 2926 majores
592 2857 1014 2910 contraxerunt
1050 2851 1276 2931 copias,
1312 2869 1672 2930 summaeque
1696 2869 1892 2909 rerum
1918 2847 2220 2910 Cassivel-

308 2941 551 3004 launum
580 2947 991 3026 praefecemnt,
1028 2949 1199 3027 cujus
1236 2948 1393 3008 inter
1429 2947 1668 3026 regulos
1703 2947 2010 3028 praecipua
2033 2947 2223 3006 virtus

302 3059 380 3101 ac.
403 3045 673 3122 potentia
696 3054 843 3106 erat.
928 3045 1083 3106 Cum
1115 3046 1207 3106 his
1241 3046 1451 3106 crebra
1481 3045 1690 3127 praelia
1723 3045 1908 3116 facta,
1947 3044 2115 3103 nullo
2138 3043 2218 3104 ad

302 3157 593 3200 summam
630 3142 781 3201 belli
819 3141 1109 3223 profectu.
1196 3141 1617 3202 Britannorum
1660 3149 1858 3202 tamen
1901 3143 2218 3214 exercitus,

300 3239 719 3298 revocantibus
754 3239 987 3300 auxilia
1028 3258 1136 3299 sua
1170 3239 1540 3310 civitatibus,
1579 3239 1871 3319 disparuit
1886 3259 1904 3308 ς
1947 3257 2218 3318 quaeren-
2261 3247 2270 3258 ’

300 3333 565 3414 dumque
593 3335 819 3397 Caesari
842 3336 1069 3398 bellurn
1093 3336 1227 3396 fuit.
1292 3335 1537 3397 Idcirco
1564 3337 1642 3396 ad
1670 3335 1886 3396 flumen
1912 3334 2216 3407 Tamesin,

298 3430 405 3490 ubi
432 3431 871 3494 Cassivellauni
900 3433 1049 3496 fines
1074 3443 1263 3506 erant,
1291 3435 1589 3495 exercitus
1613 3433 1830 3495 ductus
1853 3441 1964 3494 est.
2131 3437 2152 3452 ⁸

380 3533 487 3591 67.
526 3527 719 3590 'IX-ans
742 3550 975 3590 amnem
1012 3531 1265 3592 hostium
1306 3550 1539 3610 magnae
1573 3532 1766 3612 copiae
1801 3529 2214 3601 consederant,

298 3625 533 3686 munita
566 3629 883 3707 praeacutis
918 3628 1165 3688 sudibus
1204 3629 1359 3709 ripa,
1396 3637 1458 3689 et
1498 3627 1635 3688 aliis
1677 3631 1736 3688 in
1773 3629 1902 3708 ipso
1927 3626 2100 3688 alveo
2129 3627 2215 3686 ita

295 3721 537 3796 defixis,
574 3733 643 3784 ut
681 3744 842 3805 aqua
876 3733 1231 3804 tegerentur.
1316 3725 1464 3797 Sed,
1510 3726 1803 3806 perruptis
1846 3725 2218 3785 obstantibus

296 3820 596 3892 omnibus,
620 3821 807 3882 virtus
824 3821 1109 3883 Romana
1130 3822 1418 3904 patefecit
1436 3823 1595 3884 viam
1619 3842 1635 3882 z
1681 3831 1852 3884 tanto
1869 3823 2080 3883 ardore
2103 3821 2216 3881 mi-

300 3915 499 3991 litum,
526 3925 596 3977 ut
619 3917 763 3979 licet
786 3918 930 3980 solis
954 3919 1251 4000 capitibus
1277 3926 1571 3992 extarent,
1593 3928 1790 3979 tamen
1819 3939 1931 3979 nec
1951 3917 2214 3990 flumine,

298 4033 411 4075 nec
436 4013 705 4090 sudibus,
730 4035 843 4078 nec
867 4015 1003 4078 telis
1022 4017 1276 4078 hostium
1300 4017 1505 4078 terreri
1526 4025 1632 4078 aut
1648 4015 1936 4076 retardari
1957 4023 2214 4096 possent.

301 4111 521 4174 Fertur
562 4121 627 4175 et
678 4111 823 4186 alia,
868 4133 981 4176 nec
1034 4115 1297 4175 absurda
1338 4113 1571 4185 fabula,
1618 4111 1922 4194 perculsos
1973 4123 2216 4194 aspectu

294 4209 605 4292 elephanti
650 4209 973 4271 Britannos
1010 4230 1314 4292 equosque
1346 4231 1550 4272 eorum
1590 4209 1848 4290 fugisse:
1891 4209 2052 4290 quod
2085 4207 2214 4270 bel·
2271 4231 2487 4302 Polym.

296 4305 463 4368 luam
504 4327 685 4368 unam
720 4326 923 4368 secum
959 4309 1450 4390 transportaverit
1485 4306 1714 4380 Caesar,
1739 4325 1990 4388 eamque
2016 4307 2078 4366 in
2103 4304 2214 4366 flu·
2237 4298 2383 4352 ⁸³²⁸*-
2405 4317 2530 4352 *¹¹1-

296 4404 457 4466 mine
480 4405 873 4481 constitnerit,
915 4405 1161 4468 armatis
1186 4425 1221 4467 e
1246 4405 1415 4478 turri,
1444 4425 1625 4487 quam
1657 4404 1834 4469 dorso
1863 4403 2216 4486 elephantus
2283 4445 2292 4454 ·
