3300 5234
902 548 1115 630 mn'm
1163 581 1328 631 0111.
1374 581 2022 636 susrnmnnrum.
2107 597 2120 604 “
2227 616 2234 623 -
2393 577 2572 644 49⁷3

346 718 543 784 Ama
577 720 921 804 Scauroque
963 723 1319 799 volentibus,
1362 725 1676 790 diremtum
1698 737 1822 800 est3
1865 729 2048 812 idque
2071 729 2244 812 adju·
2299 741 2409 796 cic.
2427 748 2490 796 ad

346 827 545 878 mento
569 817 687 880 fuit
710 817 959 908 Scauro,
1001 830 1069 882 ut
1102 820 1459 884 destinatam
1492 825 1587 885 Μ.
1614 824 1828 886 Pisoni
1855 829 2242 908 provinciam,
2266 807 2374 860 Att.
2396 827 2438 864 ¹·
2454 815 2537 864 ¹⁸·

340 915 399 976 ‘m
438 914 715 996 alterum}
738 937 977 988 annum,
1004 920 1305 980 annitente
1356 917 1672 993 Cicerone,
1697 922 1987 984 retineret.

418 1019 521 1072 65.
568 1013 641 1074 L.
658 1012 875 1074 deinde
904 1013 1206 1086 Afranium
1234 1016 1322 1078 A.
1351 1017 1423 1078 F.
1452 1018 1537 1086 Q.
1558 1016 1864 1093 Caecilius,
1882 1021 1968 1088 Q.
1999 1021 2072 1081 F.
2102 1021 2240 1082 Me·-

338 1109 519 1172 tellus
557 1109 742 1172 Celer
790 1111 1061 1174 consules
1079 1113 1363 1194 ‚inierunt
1376 1115 1431 1175 t*
1490 1136 1601 1197 pro
1640 1117 1880 1196 quibus,
1915 1119 2004 1179 uti
2047 1117 2240 1200 desig·
2295 1125 2414 1184 Dio,

338 1219 637 1282 narentur,
676 1209 952 1272 maximis
1000 1210 1411 1290 largitionibus
1466 1214 1820 1293 pugnavisse
1879 1214 2240 1297 Pompeium
2265 1207 2482 1246 nnn·

338 1307 725 1369 miravimus.
778 1306 904 1368 Sed
928 1306 1019 1368 illi
1044 1307 1181 1388 plus
1204 1308 1493 1370 molestiae
1518 1318 1583 1370 et
1600 1309 2026 1392 impedimenti,
2057 1331 2240 1393 quam

334 1402 493 1483 quod
540 1412 885 1484 speraverat
922 1403 1155 1477 auxilii,
1207 1405 1389 1466 tantis
1442 1405 1722 1487 impensis
1770 1407 2076 1487 quaesitum
2127 1416 2236 1470 est.

334 1497 507 1560 Nam
551 1501 759 1560 horum
804 1519 1009 1582 opera,
1078 1509 1203 1562 tum
1244 1500 1367 1562 alia
1413 1521 1549 1582 qnae
1601 1502 1786 1564 vellet
1837 1513 2238 1564 assecuturum
2291 1518 2410 1581 Dio,
2538 1513 2548 1522 ‘

330 1597 593 1671 rebatur,
636 1606 763 1660 tum
813 1599 904 1660 uti
956 1605 1095 1660 acta
1146 1618 1257 1660 sua
1320 1598 1806 1662 confirmarentur
1838 1621 1855 1661 ε
1913 1623 1991 1662 eo
2048 1605 2238 1682 magis
2256 1585 2558 1702 {ffssxvafff

328 1695 491 1777 quod
530 1696 715 1776 legati
754 1697 847 1758 sui
889 1694 968 1757 ad
1014 1698 1345 1758 exercitum
1384 1717 1631 1780 operum
1680 1719 2040 1760 summorum
2079 1721 2232 1782 prae-
2253 1729 2416 1764 vorm
2442 1715 2554 1766 init.

326 1795 483 1875 cipui
510 1794 765 1854 ministri
797 1792 982 1854 iidem
1012 1792 1105 1854 illi
1130 1792 1381 1856 fuerant.
1467 1793 1748 1856 Ceterum
1776 1795 2066 1858 Afranius
2109 1797 2230 1858 sal-
2255 1779 2454 1894 ¹¹22„

326 1890 495 1950 tandi
530 1911 715 1972 quam
760 1891 1129 1970 negotiorum
1168 1892 1433 1972 peritior,
1474 1892 1625 1952 nihil
1669 1893 1728 1952 ei
1769 1893 2006 1974 profuit.
2091 1893 2232 1956 Me·
2457 1879 2473 1894 ⁰

324 1985 503 2048 tellus
546 1987 731 2048 etiam
782 1987 985 2049 ob'fuit
1030 1989 1111 2048 ab
1152 1989 1241 2048 ira
1288 1987 1547 2050 dimissae
1600 1990 1850 2062 Mucioe,
1904 2011 2082 2071 quam
2131 2013 2230 2054 so-

322 2105 513 2146 rorem
576 2084 841 2158 Metelli,
888 2105 1027 2146 cum
1092 2085 1338 2148 liaberet
1370 2106 1452 2147 ex
1501 2107 1575 2148 ea
1614 2087 1854 2161 liberos,
1900 2087 2230 2171 Pompeius
2301 2087 2308 2096 ’

320 2182 752 2264 repudiaverat.
834 2182 1195 2244 Accedebat
1253 2184 1607 2246 excellentis
1673 2185 1876 2265 gloriae
1937 2195 2226 2268 perpetua
2249 2207 2379 2258 ven.
2393 2211 2549 2263 nmo.

318 2299 517 2340 comes
570 2279 835 2341 invidia:
878 2289 1165 2362 praeterea
1216 2281 1549 2344 simultates
1586 2303 1722 2343 cum
1763 2283 2040 2344 maximis
2085 2283 2226 2344 viris
2247 2305 2376 2356 Flet.
2398 2324 2468 2360 Π,
2491 2313 2546 2362 2.

320 2375 575 2438 Lucullo
624 2376 1017 2456 Metelloque,
1070 2397 1278 2456 graves
1318 2379 1514 2460 potius
1555 2385 1740 2461 'quam
1775 2379 2018 2462 iniquae,
2074 2401 2224 2460 quos

316 2477 473 2558 prior
512 2483 579 2536 et
612 2475 736 2534 sine
770 2493 953 2535 causa
988 2473 1335 2536 offenderat.
1486 2519 1501 2528 .
2276 2492 2407 2543 Plut.
2421 2494 2540 2548 Luc.

394 2579 497 2633 56.
540 2571 739 2650 Igitur
784 2569 1093 2643 Lucullus,
1128 2571 1233 2651 qui
1272 2568 1351 2631 de
1394 2579 1595 2632 cetero
1626 2591 1690 2630 se
1726 2570 1962 2651 penitus
1991 2571 2114 2631 otio
2148 2592 2220 2633 ac
2242 2565 2296 2608 ‘³‘
2315 2557 2489 2625 Pomp.

244 2661 255 2670 ’
313 2669 723 2750 voluptatibus
756 2665 1107 2738 tradiderat,
1142 2676 1353 2748 praeter
1394 2668 1623 2749 pristini
1665 2666 1886 2729 doloris
1925 2668 2218 2737 stimulos.

312 2767 393 2826 ab
442 2765 831 2847 optimatibus
878 2753 1175 2824 nonnullis
1232 2764 1532 2836 incitatus,
1599 2765 1658 2823 in
1709 2773 1980 2824 senatum
2030 2765 2216 2838 venit,

312 2863 731 2945 Pompeioque
764 2869 897 2922 rata
920 2861 1129 2922 haberi
1154 2841 1294 2922 acta
1318 2881 1428 2922 sua
1460 2861 1786 2943 postulanti
1811 2863 2092 2922 acerrime
2121 2884 2216 2924 re-

306 2960 495 3030 stititz
538 2968 559 2996 ‘
584 2979 823 3040 aequum
848 2978 973 3018 ene
1012 2959 1173 3039 prius
1198 2966 1267 3018 ut
1288 2967 1529 3018 senatus
1565 2966 1888 3037 cognoscat
1911 2957 1988 3018 de
2012 2961 2213 3040 singu·
2237 2963 2357 3023 Db.

306 3055 383 3118 lis
402 3058 421 3085 ’
458 3056 779 3118 dictitans:
823 3063 841 3092 ⁸
868 3074 1007 3115 nam
1048 3062 1119 3116 ut
1154 3055 1481 3135 promiscue
1516 3055 1716 3116 omnia
1751 3054 1990 3132 ignaris,
2011 3055 2216 3136 qualia

305 3171 563 3234 quicque
601 3153 740 3223 sint,
780 3151 1045 3233 patribus
1092 3149 1499 3238 confirmanda
1540 3151 1920 3229 objiciantur,
1961 3149 2024 3211 id
2074 3172 2216 3214 vero

304 3249 549 3312 incivile
595 3269 852 3331 prorsus,
904 3257 968 3310 et
1014 3247 1403 3310 dominationi
1446 3248 1802 3330 proximum.
1883 3248 2212 3322 Praeterea,
2301 3281 2312 3292 ·

302 3345 466 3428 quod
502 3367 541 3408 a
568 3367 635 3408 se
671 3347 995 3408 constituta
1034 3344 1317 3427 pleraque
1352 3343 1684 3427 Pompeius
1717 3343 2210 3418 labefactaverat,

300 3445 577 3506 arbitrari
592 3445 613 3473 '
638 3443 899 3526 jubebat
940 3452 961 3480 ‘
978 3451 1271 3516 senatum,
1312 3444 1499 3504 unius
1535 3445 1770 3526 potiora
1806 3463 1932 3504 esse
1969 3441 2212 3504 decreta

298 3541 629 3604 deberent?
906 3541 915 3558 “

382 3645 487 3702 67.
530 3637 697 3700 Haeo
733 3658 871 3700 cum
896 3657 1001 3720 per
1024 3657 1089 3698 se
1119 3657 1235 3698 non
1268 3637 1473 3719 iniqua
1510 3637 1804 3719 principes
1831 3643 2069 3698 senatus
2109 3635 2204 3696 Μ.
2260 3656 2474 3724 Appi-n.
2523 3687 2532 3698 .

299 3735 573 3808 cramus,
602 3735 839 3816 duoque
861 3735 947 3802 Q.
976 3734 1241 3806 Metelli,
1272 3733 1545 3796 Creticus
1565 3743 1629 3795 et
1642 3733 1870 3807 consul,
1887 3733 1994 3794 sed
2019 3742 2082 3794 et
2108 3734 2202 3795 M.
2227 3722 2346 3838 ga·
2357 3738 2499 3838 ’ἦα

298 3831 485 3906 Cato,
513 3834 689 3895 enixe
718 3831 1125 3906 defenderent,
1166 3831 1401 3894 inferior
1436 3833 1495 3892 in
1528 3833 1694 3893 curia
1728 3829 2080 3913 Pompeius,
2124 3830 2202 3892 ad
2227 3852 2358 3902 Plut.
2377 3853 2488 3904 cn,

294 3931 567 3992 tribunos
588 3930 780 4012 plebis
801 3927 1095 4008 confugit,
1120 3937 1211 4001 ut,
1239 3928 1401 4010 qnod
1426 3947 1533 4010 per
1544 3936 1814 3989 senatum
1831 3927 2197 4007 nequiverat,
2222 3915 2533 3986 PlunPomp,

292 4029 508 4112 populi
546 4027 746 4090 favore
784 4037 1256 4109 consequeretur.
1342 4023 1583 4088 Idcirco
1621 4043 1758 4107 ‘quo
1801 4023 1987 4086 infimi
2031 4025 2198 4105 vulgi
2221 4051 2341 4105 Dio.

290 4126 619 4208 promtior-a
652 4134 716 4185 et
750 4125 922 4206 plura
956 4123 1240 4203 suffragia
1264 4131 1682 4204 quaterentur,
1722 4121 1793 4182 L.
1823 4120 2070 4182 Flavius
2093 4124 2196 4182 tri-

290 4223 489 4286 bunus
524 4223 721 4305 plebis
758 4219 1153 4304 promulgavit
1193 4221 1579 4302 rogationem,
1635 4227 1656 4255 ‘
1679 4219 1766 4278 uti
1808 4216 2198 4302 Pompeianis

876 4467 907 4500 ⁸
940 4469 1005 4520 A.
1030 4467 1102 4520 U·
1122 4468 1313 4522 c.o⁹².
1345 4465 1414 4522 Α.
1436 4466 1595 4518 (3.00.
