<?xml version="1.0" encoding="UTF-8"?>
<!DOCTYPE html PUBLIC "-//W3C//DTD XHTML 1.0 Transitional//EN"
    "http://www.w3.org/TR/xhtml1/DTD/xhtml1-transitional.dtd">
<html xmlns="http://www.w3.org/1999/xhtml" xml:lang="en" lang="en">
 <head>
  <title>
</title>
<meta http-equiv="Content-Type" content="text/html;charset=utf-8" />
  <meta name='ocr-system' content='tesseract 3.04.00' />
  <meta name='ocr-capabilities' content='ocr_page ocr_carea ocr_par ocr_line ocrx_word'/>
</head>
<body>
  <div class='ocr_page' id='page_1' title='image "./tliviipatavinih35unkngoog/tliviipatavinih35unkngoog_0014.png"; bbox 0 0 3300 5234; ppageno 0'>
   <div class='ocr_carea' id='block_1_1' title="bbox 685 536 1983 606">
    <p class='ocr_par' dir='ltr' id='par_1_1' title="bbox 685 536 1983 606">
     <span class='ocr_line' id='line_1_1' title="bbox 685 536 1983 606; baseline -0.005 0"><span class='ocrx_word' id='word_1_1' title='bbox 685 536 866 606; x_wconf 71' lang='lat'><strong>4956</strong></span> <span class='ocrx_word' id='word_1_2' title='bbox 1670 550 1745 603; x_wconf 72' lang='grc' dir='ltr'><strong>τ.</strong></span> <span class='ocrx_word' id='word_1_3' title='bbox 1790 552 1983 601; x_wconf 78' lang='lat' dir='ltr'><strong>mvn</strong></span> 
     </span>
    </p>
   </div>
   <div class='ocr_carea' id='block_1_2' title="bbox 593 691 3012 3985">
    <p class='ocr_par' dir='ltr' id='par_1_2' title="bbox 593 691 3012 3985">
     <span class='ocr_line' id='line_1_2' title="bbox 1011 691 3012 779; baseline -0.002 -21"><span class='ocrx_word' id='word_1_4' title='bbox 1011 706 1192 759; x_wconf 80' lang='lat' dir='ltr'><strong>certae</strong></span> <span class='ocrx_word' id='word_1_5' title='bbox 1211 696 1544 758; x_wconf 70' lang='lat' dir='ltr'><strong>securitatis</strong></span> <span class='ocrx_word' id='word_1_6' title='bbox 1563 697 1773 779; x_wconf 82' lang='lat' dir='ltr'><strong>pignus</strong></span> <span class='ocrx_word' id='word_1_7' title='bbox 1798 694 2052 755; x_wconf 80' lang='lat' dir='ltr'><strong>Antonii</strong></span> <span class='ocrx_word' id='word_1_8' title='bbox 2061 695 2231 773; x_wconf 78' lang='lat' dir='ltr'><strong>jussu</strong></span> <span class='ocrx_word' id='word_1_9' title='bbox 2252 692 2501 755; x_wconf 84' lang='lat' dir='ltr'><strong>allatum</strong></span> <span class='ocrx_word' id='word_1_10' title='bbox 2522 691 2767 772; x_wconf 79' lang='lat' dir='ltr'><strong>fuerat,)</strong></span> <span class='ocrx_word' id='word_1_11' title='bbox 2782 712 2919 774; x_wconf 83' lang='lat' dir='ltr'><strong>sup-</strong></span> <span class='ocrx_word' id='word_1_12' title='bbox 3005 758 3012 769; x_wconf 64' lang='grc'>,</span> 
     </span>
     <span class='ocr_line' id='line_1_3' title="bbox 1011 790 2917 878; baseline -0.002 -21"><span class='ocrx_word' id='word_1_13' title='bbox 1011 796 1258 878; x_wconf 76' lang='lat' dir='ltr'><strong>plicatio</strong></span> <span class='ocrx_word' id='word_1_14' title='bbox 1291 796 1549 867; x_wconf 86' lang='lat' dir='ltr'><strong>decreta,</strong></span> <span class='ocrx_word' id='word_1_15' title='bbox 1594 795 1757 876; x_wconf 86' lang='lat' dir='ltr'><strong>quod</strong></span> <span class='ocrx_word' id='word_1_16' title='bbox 1784 794 1935 855; x_wconf 85' lang='lat' dir='ltr'><strong>alias</strong></span> <span class='ocrx_word' id='word_1_17' title='bbox 1962 814 2037 854; x_wconf 82' lang='lat' dir='ltr'><strong>ex</strong></span> <span class='ocrx_word' id='word_1_18' title='bbox 2076 792 2239 854; x_wconf 78' lang='lat' dir='ltr'><strong>civili</strong></span> <span class='ocrx_word' id='word_1_19' title='bbox 2267 792 2431 854; x_wconf 88' lang='lat' dir='ltr'><strong>bello</strong></span> <span class='ocrx_word' id='word_1_20' title='bbox 2466 790 2595 853; x_wconf 86' lang='lat' dir='ltr'><strong>fieri</strong></span> <span class='ocrx_word' id='word_1_21' title='bbox 2620 812 2739 851; x_wconf 85' lang='lat' dir='ltr'><strong>non</strong></span> <span class='ocrx_word' id='word_1_22' title='bbox 2762 792 2917 853; x_wconf 86' lang='lat' dir='ltr'><strong>sole-</strong></span> 
     </span>
     <span class='ocr_line' id='line_1_4' title="bbox 1010 888 2915 975; baseline -0.003 -21"><span class='ocrx_word' id='word_1_23' title='bbox 1010 894 1154 955; x_wconf 83' lang='lat' dir='ltr'><strong>bat:</strong></span> <span class='ocrx_word' id='word_1_24' title='bbox 1183 903 1246 954; x_wconf 84' lang='lat' dir='ltr'><strong>et</strong></span> <span class='ocrx_word' id='word_1_25' title='bbox 1267 895 1426 973; x_wconf 80' lang='lat' dir='ltr'><strong>sagis</strong></span> <span class='ocrx_word' id='word_1_26' title='bbox 1449 894 1657 975; x_wconf 88' lang='lat' dir='ltr'><strong>positis</strong></span> <span class='ocrx_word' id='word_1_27' title='bbox 1678 892 1755 953; x_wconf 83' lang='lat' dir='ltr'><strong>ad</strong></span> <span class='ocrx_word' id='word_1_28' title='bbox 1781 893 2034 974; x_wconf 84' lang='lat' dir='ltr'><strong>priorem</strong></span> <span class='ocrx_word' id='word_1_29' title='bbox 2059 892 2337 953; x_wconf 77' lang='lat' dir='ltr'><strong>vestitum</strong></span> <span class='ocrx_word' id='word_1_30' title='bbox 2361 890 2577 951; x_wconf 76' lang='lat' dir='ltr'><strong>civitas</strong></span> <span class='ocrx_word' id='word_1_31' title='bbox 2600 888 2795 951; x_wconf 84' lang='lat' dir='ltr'><strong>rediit.</strong></span> <span class='ocrx_word' id='word_1_32' title='bbox 2836 888 2915 951; x_wconf 81' lang='lat' dir='ltr'><strong>G.</strong></span> 
     </span>
     <span class='ocr_line' id='line_1_5' title="bbox 683 986 2917 1072; baseline -0 -25"><span class='ocrx_word' id='word_1_33' title='bbox 683 996 716 1047; x_wconf 82' lang='lat' dir='ltr'><strong>J</strong></span> <span class='ocrx_word' id='word_1_34' title='bbox 719 998 786 1045; x_wconf 85' lang='lat' dir='ltr'><strong>ul.</strong></span> <span class='ocrx_word' id='word_1_35' title='bbox 806 996 988 1063; x_wconf 76' lang='lat' dir='ltr'><strong>Obneq.</strong></span> <span class='ocrx_word' id='word_1_36' title='bbox 1013 990 1314 1053; x_wconf 84' lang='lat' dir='ltr'><strong>Antonius</strong></span> <span class='ocrx_word' id='word_1_37' title='bbox 1327 993 1526 1053; x_wconf 84' lang='lat' dir='ltr'><strong>statim</strong></span> <span class='ocrx_word' id='word_1_38' title='bbox 1549 993 1607 1051; x_wconf 90' lang='lat' dir='ltr'><strong>in</strong></span> <span class='ocrx_word' id='word_1_39' title='bbox 1630 990 1993 1072; x_wconf 80' lang='lat' dir='ltr'><strong>provinciam</strong></span> <span class='ocrx_word' id='word_1_40' title='bbox 2012 1010 2179 1051; x_wconf 81' lang='lat' dir='ltr'><strong>suam</strong></span> <span class='ocrx_word' id='word_1_41' title='bbox 2214 988 2635 1049; x_wconf 85' lang='lat' dir='ltr'><strong>Macedoniam</strong></span> <span class='ocrx_word' id='word_1_42' title='bbox 2656 1008 2673 1057; x_wconf 72' lang='grc' dir='ltr'>ς</span> <span class='ocrx_word' id='word_1_43' title='bbox 2703 986 2917 1068; x_wconf 81' lang='lat' dir='ltr'>reliqui</span> 
     </span>
     <span class='ocr_line' id='line_1_6' title="bbox 685 1086 2915 1171; baseline 0 -27"><span class='ocrx_word' id='word_1_44' title='bbox 685 1094 826 1160; x_wconf 76' lang='lat' dir='ltr'><strong>Pigh.</strong></span> <span class='ocrx_word' id='word_1_45' title='bbox 844 1095 973 1145; x_wconf 76' lang='lat' dir='ltr'><strong>Ann-</strong></span> <span class='ocrx_word' id='word_1_46' title='bbox 1009 1090 1192 1151; x_wconf 86' lang='lat' dir='ltr'><strong>etiam</strong></span> <span class='ocrx_word' id='word_1_47' title='bbox 1233 1092 1294 1150; x_wconf 91' lang='lat' dir='ltr'><strong>in</strong></span> <span class='ocrx_word' id='word_1_48' title='bbox 1329 1110 1465 1150; x_wconf 85' lang='lat' dir='ltr'><strong>suas</strong></span> <span class='ocrx_word' id='word_1_49' title='bbox 1490 1090 1827 1171; x_wconf 83' lang='lat' dir='ltr'><strong>provincias</strong></span> <span class='ocrx_word' id='word_1_50' title='bbox 1850 1098 1986 1148; x_wconf 89' lang='lat' dir='ltr'><strong>sunt</strong></span> <span class='ocrx_word' id='word_1_51' title='bbox 2010 1086 2281 1169; x_wconf 81' lang='lat' dir='ltr'><strong>profecti.</strong></span> <span class='ocrx_word' id='word_1_52' title='bbox 2365 1086 2634 1147; x_wconf 83' lang='lat' dir='ltr'><strong>Galliam</strong></span> <span class='ocrx_word' id='word_1_53' title='bbox 2672 1087 2761 1147; x_wconf 87' lang='lat' dir='ltr'><strong>cis</strong></span> <span class='ocrx_word' id='word_1_54' title='bbox 2794 1086 2915 1145; x_wconf 88' lang='lat' dir='ltr'><strong>Al-</strong></span> 
     </span>
     <span class='ocr_line' id='line_1_7' title="bbox 1009 1184 2917 1267; baseline -0.001 -20"><span class='ocrx_word' id='word_1_55' title='bbox 1009 1196 1154 1267; x_wconf 71' lang='lat' dir='ltr'><strong>pes·¹</strong></span> <span class='ocrx_word' id='word_1_56' title='bbox 1199 1187 1486 1249; x_wconf 84' lang='lat' dir='ltr'><strong>Metellus</strong></span> <span class='ocrx_word' id='word_1_57' title='bbox 1527 1186 1706 1249; x_wconf 84' lang='lat' dir='ltr'><strong>Celer</strong></span> <span class='ocrx_word' id='word_1_58' title='bbox 1728 1186 2025 1255; x_wconf 83' lang='lat' dir='ltr'><strong>babebat;</strong></span> <span class='ocrx_word' id='word_1_59' title='bbox 2072 1184 2471 1267; x_wconf 83' lang='lat' dir='ltr'><strong>Transalpina</strong></span> <span class='ocrx_word' id='word_1_60' title='bbox 2511 1184 2587 1245; x_wconf 86' lang='lat' dir='ltr'><strong>C.</strong></span> <span class='ocrx_word' id='word_1_61' title='bbox 2624 1184 2917 1245; x_wconf 88' lang='lat' dir='ltr'><strong>Pontinio</strong></span> 
     </span>
     <span class='ocr_line' id='line_1_8' title="bbox 1009 1282 2914 1366; baseline 0.001 -22"><span class='ocrx_word' id='word_1_62' title='bbox 1009 1286 1202 1345; x_wconf 78' lang='lat' dir='ltr'><strong>cessit.</strong></span> <span class='ocrx_word' id='word_1_63' title='bbox 1289 1282 1655 1366; x_wconf 73' lang='lat' dir='ltr'><strong>Hispaniam</strong></span> <span class='ocrx_word' id='word_1_64' title='bbox 1682 1284 1759 1344; x_wconf 85' lang='lat' dir='ltr'><strong>C.</strong></span> <span class='ocrx_word' id='word_1_65' title='bbox 1787 1284 2139 1355; x_wconf 84' lang='lat' dir='ltr'><strong>Cosconius,</strong></span> <span class='ocrx_word' id='word_1_66' title='bbox 2168 1284 2252 1351; x_wconf 85' lang='lat' dir='ltr'><strong>Q.</strong></span> <span class='ocrx_word' id='word_1_67' title='bbox 2277 1284 2611 1365; x_wconf 80' lang='lat' dir='ltr'><strong>Pompeius</strong></span> <span class='ocrx_word' id='word_1_68' title='bbox 2636 1282 2914 1345; x_wconf 83' lang='lat' dir='ltr'><strong>Africam</strong></span> 
     </span>
     <span class='ocr_line' id='line_1_9' title="bbox 1007 1374 2815 1457; baseline 0 -16"><span class='ocrx_word' id='word_1_69' title='bbox 1007 1384 1200 1443; x_wconf 86' lang='lat' dir='ltr'><strong>sortiti</strong></span> <span class='ocrx_word' id='word_1_70' title='bbox 1225 1393 1378 1443; x_wconf 86' lang='lat' dir='ltr'><strong>sunt.</strong></span> <span class='ocrx_word' id='word_1_71' title='bbox 1464 1382 1534 1443; x_wconf 78' lang='lat'><strong>1..</strong></span> <span class='ocrx_word' id='word_1_72' title='bbox 1557 1381 1845 1457; x_wconf 79' lang='lat' dir='ltr'><strong>Valerius</strong></span> <span class='ocrx_word' id='word_1_73' title='bbox 1870 1374 2125 1443; x_wconf 79' lang='lat' dir='ltr'><strong>Flaccus</strong></span> <span class='ocrx_word' id='word_1_74' title='bbox 2150 1382 2211 1441; x_wconf 91' lang='lat' dir='ltr'><strong>in</strong></span> <span class='ocrx_word' id='word_1_75' title='bbox 2239 1383 2455 1441; x_wconf 86' lang='lat' dir='ltr'><strong>Asiam</strong></span> <span class='ocrx_word' id='word_1_76' title='bbox 2474 1390 2569 1441; x_wconf 88' lang='lat' dir='ltr'><strong>est</strong></span> <span class='ocrx_word' id='word_1_77' title='bbox 2590 1382 2815 1441; x_wconf 84' lang='lat' dir='ltr'><strong>missus.</strong></span> 
     </span>
     <span class='ocr_line' id='line_1_10' title="bbox 680 1479 2913 1564; baseline 0 -25"><span class='ocrx_word' id='word_1_78' title='bbox 680 1488 795 1541; x_wconf 86' lang='lat' dir='ltr'><strong>Dio.</strong></span> <span class='ocrx_word' id='word_1_79' title='bbox 1087 1488 1187 1541; x_wconf 89' lang='grc'><strong>10.</strong></span> <span class='ocrx_word' id='word_1_80' title='bbox 1233 1480 1536 1564; x_wconf 65' lang='lat' dir='ltr'><strong>Reliquiae</strong></span> <span class='ocrx_word' id='word_1_81' title='bbox 1566 1479 1783 1541; x_wconf 87' lang='lat' dir='ltr'><strong>deinde</strong></span> <span class='ocrx_word' id='word_1_82' title='bbox 1818 1481 2263 1560; x_wconf 85' lang='lat' dir='ltr'><strong>conjurationis,</strong></span> <span class='ocrx_word' id='word_1_83' title='bbox 2300 1494 2467 1551; x_wconf 82' lang='lat' dir='ltr'><strong>cum,</strong></span> <span class='ocrx_word' id='word_1_84' title='bbox 2498 1492 2574 1541; x_wconf 79' lang='lat' dir='ltr'><strong>ne</strong></span> <span class='ocrx_word' id='word_1_85' title='bbox 2614 1482 2913 1561; x_wconf 83' lang='lat' dir='ltr'><strong>quiescere</strong></span> 
     </span>
     <span class='ocr_line' id='line_1_11' title="bbox 1005 1577 2915 1659; baseline 0 -22"><span class='ocrx_word' id='word_1_86' title='bbox 1005 1586 1265 1657; x_wconf 84' lang='lat' dir='ltr'><strong>possent,</strong></span> <span class='ocrx_word' id='word_1_87' title='bbox 1291 1586 1453 1639; x_wconf 83' lang='lat' dir='ltr'><strong>metu</strong></span> <span class='ocrx_word' id='word_1_88' title='bbox 1479 1578 1901 1659; x_wconf 82' lang='lat' dir='ltr'><strong>suppliciorum</strong></span> <span class='ocrx_word' id='word_1_89' title='bbox 1938 1578 2273 1659; x_wconf 69' lang='lat' dir='ltr'><strong>praccipites</strong></span> <span class='ocrx_word' id='word_1_90' title='bbox 2312 1586 2642 1657; x_wconf 78' lang='lat' dir='ltr'><strong>agerentur,</strong></span> <span class='ocrx_word' id='word_1_91' title='bbox 2669 1577 2915 1638; x_wconf 80' lang='lat' dir='ltr'><strong>diversis</strong></span> 
     </span>
     <span class='ocr_line' id='line_1_12' title="bbox 681 1673 2913 1755; baseline 0.003 -27"><span class='ocrx_word' id='word_1_92' title='bbox 681 1679 818 1729; x_wconf 66' lang='lat' dir='ltr'><strong>Oros.</strong></span> <span class='ocrx_word' id='word_1_93' title='bbox 835 1696 910 1730; x_wconf 77' lang='lat' dir='ltr'><strong>vx.</strong></span> <span class='ocrx_word' id='word_1_94' title='bbox 931 1687 983 1733; x_wconf 73' lang='lat' dir='ltr'><strong>a.</strong></span> <span class='ocrx_word' id='word_1_95' title='bbox 1009 1673 1208 1734; x_wconf 80' lang='lat' dir='ltr'><strong>Italioe</strong></span> <span class='ocrx_word' id='word_1_96' title='bbox 1251 1675 1590 1755; x_wconf 81' lang='lat' dir='ltr'><strong>regionibus</strong></span> <span class='ocrx_word' id='word_1_97' title='bbox 1625 1684 1765 1735; x_wconf 88' lang='lat' dir='ltr'><strong>sunt</strong></span> <span class='ocrx_word' id='word_1_98' title='bbox 1808 1676 2113 1735; x_wconf 80' lang='lat' dir='ltr'><strong>extinctae.</strong></span> <span class='ocrx_word' id='word_1_99' title='bbox 2200 1674 2505 1755; x_wconf 79' lang='lat' dir='ltr'><strong>Praecipui</strong></span> <span class='ocrx_word' id='word_1_100' title='bbox 2544 1675 2605 1733; x_wconf 90' lang='lat' dir='ltr'><strong>in</strong></span> <span class='ocrx_word' id='word_1_101' title='bbox 2640 1675 2733 1734; x_wconf 89' lang='lat' dir='ltr'><strong>his</strong></span> <span class='ocrx_word' id='word_1_102' title='bbox 2774 1673 2913 1734; x_wconf 83' lang='lat' dir='ltr'><strong>Caii</strong></span> 
     </span>
     <span class='ocr_line' id='line_1_13' title="bbox 1010 1770 2915 1853; baseline 0.001 -22"><span class='ocrx_word' id='word_1_103' title='bbox 1010 1770 1292 1843; x_wconf 75' lang='lat' dir='ltr'><strong>Marcelli</strong></span> <span class='ocrx_word' id='word_1_104' title='bbox 1327 1771 1586 1842; x_wconf 83' lang='lat' dir='ltr'><strong>fuerunt,</strong></span> <span class='ocrx_word' id='word_1_105' title='bbox 1631 1780 1799 1852; x_wconf 86' lang='lat' dir='ltr'><strong>pater</strong></span> <span class='ocrx_word' id='word_1_106' title='bbox 1822 1780 1887 1831; x_wconf 87' lang='lat' dir='ltr'><strong>et</strong></span> <span class='ocrx_word' id='word_1_107' title='bbox 1910 1770 2089 1833; x_wconf 79' lang='lat' dir='ltr'><strong>filius.</strong></span> <span class='ocrx_word' id='word_1_108' title='bbox 2174 1770 2296 1831; x_wconf 85' lang='lat' dir='ltr'><strong>Sed</strong></span> <span class='ocrx_word' id='word_1_109' title='bbox 2336 1771 2581 1831; x_wconf 84' lang='lat' dir='ltr'><strong>alterum</strong></span> <span class='ocrx_word' id='word_1_110' title='bbox 2612 1772 2673 1831; x_wconf 92' lang='lat' dir='ltr'><strong>in</strong></span> <span class='ocrx_word' id='word_1_111' title='bbox 2703 1772 2915 1853; x_wconf 81' lang='lat' dir='ltr'><strong>Pelig-</strong></span> 
     </span>
     <span class='ocr_line' id='line_1_14' title="bbox 1005 1868 2913 1950; baseline 0.002 -22"><span class='ocrx_word' id='word_1_112' title='bbox 1005 1870 1118 1939; x_wconf 73' lang='lat' dir='ltr'><strong>niS,</strong></span> <span class='ocrx_word' id='word_1_113' title='bbox 1147 1870 1398 1929; x_wconf 82' lang='lat' dir='ltr'><strong>alterum</strong></span> <span class='ocrx_word' id='word_1_114' title='bbox 1427 1870 1486 1930; x_wconf 91' lang='lat' dir='ltr'><strong>in</strong></span> <span class='ocrx_word' id='word_1_115' title='bbox 1516 1869 1793 1941; x_wconf 85' lang='lat' dir='ltr'><strong>Bruttiis,</strong></span> <span class='ocrx_word' id='word_1_116' title='bbox 1834 1869 1926 1931; x_wconf 90' lang='lat' dir='ltr'><strong>M.</strong></span> <span class='ocrx_word' id='word_1_117' title='bbox 1962 1868 2239 1941; x_wconf 90' lang='lat' dir='ltr'><strong>Bibulus,</strong></span> <span class='ocrx_word' id='word_1_118' title='bbox 2280 1870 2363 1937; x_wconf 84' lang='lat' dir='ltr'><strong>Q.</strong></span> <span class='ocrx_word' id='word_1_119' title='bbox 2394 1869 2610 1929; x_wconf 87' lang='lat' dir='ltr'><strong>Cicero</strong></span> <span class='ocrx_word' id='word_1_120' title='bbox 2636 1879 2913 1950; x_wconf 64' lang='lat' dir='ltr'><strong>praetores</strong></span> 
     </span>
     <span class='ocr_line' id='line_1_15' title="bbox 679 1966 2912 2048; baseline 0.004 -29"><span class='ocrx_word' id='word_1_121' title='bbox 679 1970 795 2021; x_wconf 88' lang='lat' dir='ltr'><strong>Dio.</strong></span> <span class='ocrx_word' id='word_1_122' title='bbox 1003 1976 1438 2047; x_wconf 84' lang='lat' dir='ltr'><strong>oppresserunt.</strong></span> <span class='ocrx_word' id='word_1_123' title='bbox 1523 1968 1622 2027; x_wconf 89' lang='lat' dir='ltr'><strong>De</strong></span> <span class='ocrx_word' id='word_1_124' title='bbox 1650 1967 2025 2029; x_wconf 47' lang='lat' dir='ltr'><strong>hisamotibus</strong></span> <span class='ocrx_word' id='word_1_125' title='bbox 2062 1968 2131 2026; x_wconf 93' lang='lat' dir='ltr'><strong>L.</strong></span> <span class='ocrx_word' id='word_1_126' title='bbox 2171 1967 2366 2027; x_wconf 85' lang='lat' dir='ltr'><strong>Vettii</strong></span> <span class='ocrx_word' id='word_1_127' title='bbox 2406 1967 2621 2048; x_wconf 85' lang='lat' dir='ltr'><strong>equitis</strong></span> <span class='ocrx_word' id='word_1_128' title='bbox 2646 1966 2912 2028; x_wconf 82' lang='lat' dir='ltr'><strong>Romani</strong></span> 
     </span>
     <span class='ocr_line' id='line_1_16' title="bbox 705 2063 2913 2146; baseline 0.003 -29"><span class='ocrx_word' id='word_1_129' title='bbox 705 2070 814 2121; x_wconf 81' lang='lat' dir='ltr'><strong>Cic.</strong></span> <span class='ocrx_word' id='word_1_130' title='bbox 833 2072 894 2121; x_wconf 74' lang='lat' dir='ltr'><strong>ad</strong></span> <span class='ocrx_word' id='word_1_131' title='bbox 1001 2063 1224 2125; x_wconf 84' lang='lat' dir='ltr'><strong>indicio</strong></span> <span class='ocrx_word' id='word_1_132' title='bbox 1248 2064 1446 2125; x_wconf 82' lang='lat' dir='ltr'><strong>fuerat</strong></span> <span class='ocrx_word' id='word_1_133' title='bbox 1469 2066 1805 2144; x_wconf 86' lang='lat' dir='ltr'><strong>cognitum:</strong></span> <span class='ocrx_word' id='word_1_134' title='bbox 1834 2065 1996 2146; x_wconf 88' lang='lat' dir='ltr'><strong>quod</strong></span> <span class='ocrx_word' id='word_1_135' title='bbox 2016 2065 2095 2125; x_wconf 87' lang='lat' dir='ltr'><strong>ab</strong></span> <span class='ocrx_word' id='word_1_136' title='bbox 2122 2066 2291 2124; x_wconf 89' lang='lat' dir='ltr'><strong>initio</strong></span> <span class='ocrx_word' id='word_1_137' title='bbox 2320 2065 2605 2137; x_wconf 87' lang='lat' dir='ltr'><strong>salutare,</strong></span> <span class='ocrx_word' id='word_1_138' title='bbox 2632 2084 2773 2125; x_wconf 87' lang='lat' dir='ltr'><strong>mox</strong></span> <span class='ocrx_word' id='word_1_139' title='bbox 2804 2084 2913 2125; x_wconf 80' lang='lat' dir='ltr'><strong>va-</strong></span> 
     </span>
     <span class='ocr_line' id='line_1_17' title="bbox 677 2136 2911 2253; baseline 0.001 -33"><span class='ocrx_word' id='word_1_140' title='bbox 677 2136 786 2187; x_wconf 58' lang='lat' dir='ltr'><strong>Ast·</strong></span> <span class='ocrx_word' id='word_1_141' title='bbox 807 2152 872 2185; x_wconf 56' lang='grc' dir='ltr'><strong>ῃ·</strong></span> <span class='ocrx_word' id='word_1_142' title='bbox 892 2142 977 2189; x_wconf 76' lang='lat'><strong>²⁴·</strong></span> <span class='ocrx_word' id='word_1_143' title='bbox 1002 2161 1086 2221; x_wconf 86' lang='lat' dir='ltr'><strong>rie</strong></span> <span class='ocrx_word' id='word_1_144' title='bbox 1110 2174 1475 2253; x_wconf 76' lang='lat' dir='ltr'><strong>corruptum,</strong></span> <span class='ocrx_word' id='word_1_145' title='bbox 1505 2182 1750 2242; x_wconf 81' lang='lat' dir='ltr'><strong>magnas</strong></span> <span class='ocrx_word' id='word_1_146' title='bbox 1768 2173 1847 2225; x_wconf 80' lang='lat' dir='ltr'><strong>‘et</strong></span> <span class='ocrx_word' id='word_1_147' title='bbox 1874 2165 2068 2245; x_wconf 88' lang='lat' dir='ltr'><strong>ipsum</strong></span> <span class='ocrx_word' id='word_1_148' title='bbox 2096 2164 2155 2223; x_wconf 92' lang='lat' dir='ltr'><strong>in</strong></span> <span class='ocrx_word' id='word_1_149' title='bbox 2180 2164 2423 2224; x_wconf 83' lang='lat' dir='ltr'><strong>civitate</strong></span> <span class='ocrx_word' id='word_1_150' title='bbox 2449 2164 2659 2224; x_wconf 79' lang='lat' dir='ltr'><strong>turbas</strong></span> <span class='ocrx_word' id='word_1_151' title='bbox 2678 2140 2911 2223; x_wconf 81' lang='lat' dir='ltr'><strong>excita-</strong></span> 
     </span>
     <span class='ocr_line' id='line_1_18' title="bbox 677 2260 2909 2350; baseline 0.002 -31"><span class='ocrx_word' id='word_1_152' title='bbox 677 2297 791 2350; x_wconf 79' lang='lat' dir='ltr'><strong>Dio.</strong></span> <span class='ocrx_word' id='word_1_153' title='bbox 1000 2261 1108 2321; x_wconf 77' lang='lat' dir='ltr'><strong>vit.</strong></span> <span class='ocrx_word' id='word_1_154' title='bbox 1197 2261 1382 2321; x_wconf 84' lang='lat' dir='ltr'><strong>Multi</strong></span> <span class='ocrx_word' id='word_1_155' title='bbox 1409 2260 1801 2322; x_wconf 83' lang='lat' dir='ltr'><strong>enimaffincs</strong></span> <span class='ocrx_word' id='word_1_156' title='bbox 1822 2263 2221 2342; x_wconf 84' lang='lat' dir='ltr'><strong>conjurationi</strong></span> <span class='ocrx_word' id='word_1_157' title='bbox 2256 2264 2539 2344; x_wconf 82' lang='lat' dir='ltr'><strong>protracti</strong></span> <span class='ocrx_word' id='word_1_158' title='bbox 2578 2270 2736 2334; x_wconf 89' lang='lat' dir='ltr'><strong>sunt,</strong></span> <span class='ocrx_word' id='word_1_159' title='bbox 2774 2282 2909 2345; x_wconf 85' lang='lat' dir='ltr'><strong>par-</strong></span> 
     </span>
     <span class='ocr_line' id='line_1_19' title="bbox 676 2359 2913 2453; baseline 0.002 -36"><span class='ocrx_word' id='word_1_160' title='bbox 676 2398 976 2453; x_wconf 44' lang='lat' dir='ltr'><strong>Sffldnfflc·</strong></span> <span class='ocrx_word' id='word_1_161' title='bbox 999 2360 1226 2440; x_wconf 86' lang='lat' dir='ltr'><strong>timque</strong></span> <span class='ocrx_word' id='word_1_162' title='bbox 1273 2368 1482 2429; x_wconf 78' lang='lat' dir='ltr'><strong>morte,</strong></span> <span class='ocrx_word' id='word_1_163' title='bbox 1533 2359 1638 2419; x_wconf 88' lang='lat' dir='ltr'><strong>alii</strong></span> <span class='ocrx_word' id='word_1_164' title='bbox 1678 2361 1937 2440; x_wconf 82' lang='lat' dir='ltr'><strong>pecunia</strong></span> <span class='ocrx_word' id='word_1_165' title='bbox 1977 2360 2373 2422; x_wconf 81' lang='lat' dir='ltr'><strong>condemnati.</strong></span> <span class='ocrx_word' id='word_1_166' title='bbox 2460 2360 2643 2428; x_wconf 84' lang='lat' dir='ltr'><strong>Quod</strong></span> <span class='ocrx_word' id='word_1_167' title='bbox 2682 2370 2913 2443; x_wconf 80' lang='lat' dir='ltr'><strong>tempus</strong></span> 
     </span>
     <span class='ocr_line' id='line_1_20' title="bbox 999 2456 2911 2540; baseline 0.002 -26"><span class='ocrx_word' id='word_1_168' title='bbox 999 2456 1077 2514; x_wconf 85' lang='lat' dir='ltr'><strong>ab</strong></span> <span class='ocrx_word' id='word_1_169' title='bbox 1120 2456 1370 2517; x_wconf 88' lang='lat' dir='ltr'><strong>inimicis</strong></span> <span class='ocrx_word' id='word_1_170' title='bbox 1415 2456 1693 2517; x_wconf 86' lang='lat' dir='ltr'><strong>Ciceroni</strong></span> <span class='ocrx_word' id='word_1_171' title='bbox 1739 2466 1945 2538; x_wconf 87' lang='lat' dir='ltr'><strong>postea</strong></span> <span class='ocrx_word' id='word_1_172' title='bbox 1994 2458 2295 2539; x_wconf 82' lang='lat' dir='ltr'><strong>objectum</strong></span> <span class='ocrx_word' id='word_1_173' title='bbox 2342 2468 2454 2530; x_wconf 61' lang='grc' dir='ltr'><strong>ωε,</strong></span> <span class='ocrx_word' id='word_1_174' title='bbox 2496 2460 2667 2540; x_wconf 85' lang='lat' dir='ltr'><strong>quasi</strong></span> <span class='ocrx_word' id='word_1_175' title='bbox 2710 2468 2729 2495; x_wconf 86' lang='lat'>‘</span> <span class='ocrx_word' id='word_1_176' title='bbox 2748 2458 2911 2519; x_wconf 91' lang='lat' dir='ltr'><strong>domi</strong></span> 
     </span>
     <span class='ocr_line' id='line_1_21' title="bbox 999 2553 2910 2633; baseline 0.002 -22"><span class='ocrx_word' id='word_1_177' title='bbox 999 2572 1122 2612; x_wconf 81' lang='lat' dir='ltr'><strong>suae</strong></span> <span class='ocrx_word' id='word_1_178' title='bbox 1148 2553 1386 2633; x_wconf 80' lang='lat' dir='ltr'><strong>judicia</strong></span> <span class='ocrx_word' id='word_1_179' title='bbox 1411 2553 1558 2633; x_wconf 79' lang='lat' dir='ltr'><strong>legis</strong></span> <span class='ocrx_word' id='word_1_180' title='bbox 1584 2554 1853 2615; x_wconf 81' lang='lat' dir='ltr'><strong>Plautioe</strong></span> <span class='ocrx_word' id='word_1_181' title='bbox 1890 2557 2250 2617; x_wconf 87' lang='lat' dir='ltr'><strong>exercuisset</strong></span> <span class='ocrx_word' id='word_1_182' title='bbox 2284 2576 2423 2616; x_wconf 88' lang='lat' dir='ltr'><strong>cum</strong></span> <span class='ocrx_word' id='word_1_183' title='bbox 2465 2576 2653 2617; x_wconf 85' lang='lat' dir='ltr'><strong>uxore</strong></span> <span class='ocrx_word' id='word_1_184' title='bbox 2688 2556 2910 2615; x_wconf 86' lang='lat' dir='ltr'><strong>Teren·</strong></span> 
     </span>
     <span class='ocr_line' id='line_1_22' title="bbox 593 2651 2910 2735; baseline 0.001 -25"><span class='ocrx_word' id='word_1_185' title='bbox 593 2688 598 2695; x_wconf 84' lang='lat'><strong>·</strong></span> <span class='ocrx_word' id='word_1_186' title='bbox 708 2664 844 2717; x_wconf 83' lang='lat' dir='ltr'><strong>Plut.</strong></span> <span class='ocrx_word' id='word_1_187' title='bbox 867 2666 977 2721; x_wconf 84' lang='lat' dir='ltr'><strong>Cic.</strong></span> <span class='ocrx_word' id='word_1_188' title='bbox 999 2652 1123 2711; x_wconf 81' lang='lat' dir='ltr'><strong>tia:</strong></span> <span class='ocrx_word' id='word_1_189' title='bbox 1145 2653 1161 2677; x_wconf 82' lang='lat'><strong><em>⁹</em></strong></span> <span class='ocrx_word' id='word_1_190' title='bbox 1202 2654 1375 2732; x_wconf 88' lang='lat' dir='ltr'><strong>cujus</strong></span> <span class='ocrx_word' id='word_1_191' title='bbox 1400 2651 1662 2732; x_wconf 88' lang='lat' dir='ltr'><strong>alioquin</strong></span> <span class='ocrx_word' id='word_1_192' title='bbox 1689 2651 1751 2713; x_wconf 85' lang='lat' dir='ltr'><strong>id</strong></span> <span class='ocrx_word' id='word_1_193' title='bbox 1786 2662 1916 2713; x_wconf 86' lang='lat' dir='ltr'><strong>erat</strong></span> <span class='ocrx_word' id='word_1_194' title='bbox 1942 2655 2261 2732; x_wconf 85' lang='lat' dir='ltr'><strong>ingenium,</strong></span> <span class='ocrx_word' id='word_1_195' title='bbox 2290 2665 2355 2714; x_wconf 89' lang='lat' dir='ltr'><strong>ut</strong></span> <span class='ocrx_word' id='word_1_196' title='bbox 2378 2654 2597 2735; x_wconf 86' lang='lat' dir='ltr'><strong>cupide</strong></span> <span class='ocrx_word' id='word_1_197' title='bbox 2624 2674 2687 2714; x_wconf 86' lang='lat' dir='ltr'><strong>se</strong></span> <span class='ocrx_word' id='word_1_198' title='bbox 2714 2652 2910 2735; x_wconf 90' lang='lat' dir='ltr'><strong>publi-</strong></span> 
     </span>
     <span class='ocr_line' id='line_1_23' title="bbox 672 2736 2913 2828; baseline 0.001 -22"><span class='ocrx_word' id='word_1_199' title='bbox 672 2736 817 2782; x_wconf 75' lang='lat'><strong>⁶·⁸⁶·</strong></span> <span class='ocrx_word' id='word_1_200' title='bbox 999 2748 1086 2807; x_wconf 88' lang='lat' dir='ltr'><strong>cis</strong></span> <span class='ocrx_word' id='word_1_201' title='bbox 1109 2751 1359 2828; x_wconf 85' lang='lat' dir='ltr'><strong>negotiis</strong></span> <span class='ocrx_word' id='word_1_202' title='bbox 1383 2751 1692 2828; x_wconf 78' lang='lat' dir='ltr'><strong>ingereret.</strong></span> <span class='ocrx_word' id='word_1_203' title='bbox 1778 2750 1901 2810; x_wconf 86' lang='lat' dir='ltr'><strong>Sed</strong></span> <span class='ocrx_word' id='word_1_204' title='bbox 1940 2751 2184 2811; x_wconf 87' lang='lat' dir='ltr'><strong>Vettius</strong></span> <span class='ocrx_word' id='word_1_205' title='bbox 2206 2770 2340 2814; x_wconf 90' lang='lat' dir='ltr'><strong>cum</strong></span> <span class='ocrx_word' id='word_1_206' title='bbox 2374 2750 2643 2812; x_wconf 87' lang='lat' dir='ltr'><strong>tabulam</strong></span> <span class='ocrx_word' id='word_1_207' title='bbox 2679 2751 2913 2811; x_wconf 83' lang='lat' dir='ltr'><strong>senatui</strong></span> 
     </span>
     <span class='ocr_line' id='line_1_24' title="bbox 673 2827 2911 2927; baseline 0.001 -22"><span class='ocrx_word' id='word_1_208' title='bbox 673 2827 794 2879; x_wconf 63' lang='lat'><strong>¹³5⁰·</strong></span> <span class='ocrx_word' id='word_1_209' title='bbox 999 2844 1388 2917; x_wconf 81' lang='lat' dir='ltr'><strong>exhibuisset,</strong></span> <span class='ocrx_word' id='word_1_210' title='bbox 1430 2868 1552 2927; x_wconf 88' lang='lat' dir='ltr'><strong>qua</strong></span> <span class='ocrx_word' id='word_1_211' title='bbox 1579 2848 1772 2907; x_wconf 87' lang='lat' dir='ltr'><strong>socios</strong></span> <span class='ocrx_word' id='word_1_212' title='bbox 1798 2846 2082 2907; x_wconf 69' lang='lat' dir='ltr'><strong>Catilinae</strong></span> <span class='ocrx_word' id='word_1_213' title='bbox 2114 2847 2357 2909; x_wconf 85' lang='lat' dir='ltr'><strong>dicebat</strong></span> <span class='ocrx_word' id='word_1_214' title='bbox 2376 2848 2689 2920; x_wconf 87' lang='lat' dir='ltr'><strong>contineri,</strong></span> <span class='ocrx_word' id='word_1_215' title='bbox 2716 2868 2793 2907; x_wconf 85' lang='lat' dir='ltr'><strong>ex</strong></span> <span class='ocrx_word' id='word_1_216' title='bbox 2822 2848 2911 2907; x_wconf 90' lang='lat' dir='ltr'><strong>in-</strong></span> 
     </span>
     <span class='ocr_line' id='line_1_25' title="bbox 999 2940 2911 3026; baseline 0.002 -25"><span class='ocrx_word' id='word_1_217' title='bbox 999 2941 1252 3004; x_wconf 84' lang='lat' dir='ltr'><strong>tervallo</strong></span> <span class='ocrx_word' id='word_1_218' title='bbox 1287 2963 1422 3003; x_wconf 87' lang='lat' dir='ltr'><strong>eam</strong></span> <span class='ocrx_word' id='word_1_219' title='bbox 1463 2940 1725 3025; x_wconf 83' lang='lat' dir='ltr'><strong>repetiit,</strong></span> <span class='ocrx_word' id='word_1_220' title='bbox 1764 2944 1960 3025; x_wconf 88' lang='lat' dir='ltr'><strong>plures</strong></span> <span class='ocrx_word' id='word_1_221' title='bbox 1988 2945 2368 3026; x_wconf 86' lang='lat' dir='ltr'><strong>ascripturus.</strong></span> <span class='ocrx_word' id='word_1_222' title='bbox 2456 2944 2775 3005; x_wconf 81' lang='lat' dir='ltr'><strong>Enimvero</strong></span> <span class='ocrx_word' id='word_1_223' title='bbox 2803 2964 2911 3025; x_wconf 80' lang='lat' dir='ltr'><strong>pa·</strong></span> 
     </span>
     <span class='ocr_line' id='line_1_26' title="bbox 999 3040 2909 3123; baseline 0.002 -26"><span class='ocrx_word' id='word_1_224' title='bbox 999 3046 1115 3097; x_wconf 87' lang='lat' dir='ltr'><strong>tres</strong></span> <span class='ocrx_word' id='word_1_225' title='bbox 1135 3040 1247 3100; x_wconf 88' lang='lat' dir='ltr'><strong>hoc</strong></span> <span class='ocrx_word' id='word_1_226' title='bbox 1273 3060 1494 3121; x_wconf 87' lang='lat' dir='ltr'><strong>anceps</strong></span> <span class='ocrx_word' id='word_1_227' title='bbox 1521 3049 1582 3100; x_wconf 84' lang='lat' dir='ltr'><strong>et</strong></span> <span class='ocrx_word' id='word_1_228' title='bbox 1607 3040 1919 3102; x_wconf 82' lang='lat' dir='ltr'><strong>fraudibus</strong></span> <span class='ocrx_word' id='word_1_229' title='bbox 1936 3051 2334 3123; x_wconf 84' lang='lat' dir='ltr'><strong>opportunum</strong></span> <span class='ocrx_word' id='word_1_230' title='bbox 2359 3044 2495 3113; x_wconf 73' lang='lat' dir='ltr'><strong>rati,</strong></span> <span class='ocrx_word' id='word_1_231' title='bbox 2520 3041 2811 3112; x_wconf 83' lang='lat' dir='ltr'><strong>tabulam,</strong></span> <span class='ocrx_word' id='word_1_232' title='bbox 2832 3060 2909 3101; x_wconf 87' lang='lat' dir='ltr'><strong>ne</strong></span> 
     </span>
     <span class='ocr_line' id='line_1_27' title="bbox 997 3133 2907 3219; baseline 0.001 -25"><span class='ocrx_word' id='word_1_233' title='bbox 997 3133 1149 3196; x_wconf 87' lang='lat' dir='ltr'><strong>forte</strong></span> <span class='ocrx_word' id='word_1_234' title='bbox 1175 3138 1357 3197; x_wconf 84' lang='lat' dir='ltr'><strong>etiam</strong></span> <span class='ocrx_word' id='word_1_235' title='bbox 1385 3139 1624 3198; x_wconf 87' lang='lat' dir='ltr'><strong>nomina</strong></span> <span class='ocrx_word' id='word_1_236' title='bbox 1649 3137 2019 3217; x_wconf 87' lang='lat' dir='ltr'><strong>quorundam</strong></span> <span class='ocrx_word' id='word_1_237' title='bbox 2058 3148 2443 3219; x_wconf 86' lang='lat' dir='ltr'><strong>expungeret,</strong></span> <span class='ocrx_word' id='word_1_238' title='bbox 2469 3158 2597 3202; x_wconf 73' lang='lat' dir='ltr'><strong>,non</strong></span> <span class='ocrx_word' id='word_1_239' title='bbox 2635 3137 2907 3198; x_wconf 87' lang='lat' dir='ltr'><strong>reddide-</strong></span> 
     </span>
     <span class='ocr_line' id='line_1_28' title="bbox 995 3233 2909 3316; baseline 0.001 -26"><span class='ocrx_word' id='word_1_240' title='bbox 995 3242 1168 3292; x_wconf 86' lang='lat' dir='ltr'><strong>runt:</strong></span> <span class='ocrx_word' id='word_1_241' title='bbox 1213 3233 1426 3314; x_wconf 88' lang='lat' dir='ltr'><strong>ipsum,</strong></span> <span class='ocrx_word' id='word_1_242' title='bbox 1454 3236 1502 3293; x_wconf 88' lang='lat' dir='ltr'><strong>si</strong></span> <span class='ocrx_word' id='word_1_243' title='bbox 1531 3254 1681 3316; x_wconf 86' lang='lat' dir='ltr'><strong>quos</strong></span> <span class='ocrx_word' id='word_1_244' title='bbox 1707 3246 1993 3315; x_wconf 83' lang='lat' dir='ltr'><strong>praeterea</strong></span> <span class='ocrx_word' id='word_1_245' title='bbox 2017 3235 2383 3295; x_wconf 83' lang='lat' dir='ltr'><strong>indicaturus</strong></span> <span class='ocrx_word' id='word_1_246' title='bbox 2406 3244 2585 3307; x_wconf 87' lang='lat' dir='ltr'><strong>esset,</strong></span> <span class='ocrx_word' id='word_1_247' title='bbox 2612 3255 2759 3295; x_wconf 76' lang='lat' dir='ltr'><strong>voce</strong></span> <span class='ocrx_word' id='word_1_248' title='bbox 2776 3238 2909 3314; x_wconf 83' lang='lat' dir='ltr'><strong>jus·</strong></span> 
     </span>
     <span class='ocr_line' id='line_1_29' title="bbox 997 3316 2911 3414; baseline 0.003 -28"><span class='ocrx_word' id='word_1_249' title='bbox 997 3338 1197 3389; x_wconf 85' lang='lat' dir='ltr'><strong>serunt</strong></span> <span class='ocrx_word' id='word_1_250' title='bbox 1233 3330 1428 3391; x_wconf 88' lang='lat' dir='ltr'><strong>edere.</strong></span> <span class='ocrx_word' id='word_1_251' title='bbox 1505 3330 1620 3399; x_wconf 77' lang='lat' dir='ltr'><strong>,Sic</strong></span> <span class='ocrx_word' id='word_1_252' title='bbox 1659 3331 1784 3404; x_wconf 89' lang='lat' dir='ltr'><strong>ille,</strong></span> <span class='ocrx_word' id='word_1_253' title='bbox 1832 3332 2055 3414; x_wconf 90' lang='lat' dir='ltr'><strong>pudore</strong></span> <span class='ocrx_word' id='word_1_254' title='bbox 2090 3316 2154 3391; x_wconf 82' lang='lat' dir='ltr'><strong>et</strong></span> <span class='ocrx_word' id='word_1_255' title='bbox 2192 3343 2353 3393; x_wconf 88' lang='lat' dir='ltr'><strong>metu</strong></span> <span class='ocrx_word' id='word_1_256' title='bbox 2392 3332 2679 3413; x_wconf 84' lang='lat' dir='ltr'><strong>perfusus,</strong></span> <span class='ocrx_word' id='word_1_257' title='bbox 2718 3350 2911 3412; x_wconf 80' lang='lat' dir='ltr'><strong>pauca</strong></span> 
     </span>
     <span class='ocr_line' id='line_1_30' title="bbox 999 3425 1520 3489; baseline 0.01 -4"><span class='ocrx_word' id='word_1_258' title='bbox 999 3425 1237 3487; x_wconf 81' lang='lat' dir='ltr'><strong>addidit</strong></span> <span class='ocrx_word' id='word_1_259' title='bbox 1261 3428 1520 3489; x_wconf 87' lang='lat' dir='ltr'><strong>nomina.</strong></span> 
     </span>
     <span class='ocr_line' id='line_1_31' title="bbox 705 3523 2907 3607; baseline 0.001 -25"><span class='ocrx_word' id='word_1_260' title='bbox 705 3542 906 3591; x_wconf 61' lang='lat' dir='ltr'><strong>smum,</strong></span> <span class='ocrx_word' id='word_1_261' title='bbox 1079 3530 1179 3583; x_wconf 91' lang='grc'><strong>11.</strong></span> <span class='ocrx_word' id='word_1_262' title='bbox 1225 3523 1350 3584; x_wconf 83' lang='lat' dir='ltr'><strong>Sed</strong></span> <span class='ocrx_word' id='word_1_263' title='bbox 1394 3526 1554 3606; x_wconf 87' lang='lat' dir='ltr'><strong>apud</strong></span> <span class='ocrx_word' id='word_1_264' title='bbox 1589 3525 1861 3585; x_wconf 87' lang='lat' dir='ltr'><strong>Novium</strong></span> <span class='ocrx_word' id='word_1_265' title='bbox 1904 3525 2167 3604; x_wconf 83' lang='lat' dir='ltr'><strong>Nigrum</strong></span> <span class='ocrx_word' id='word_1_266' title='bbox 2196 3536 2547 3607; x_wconf 78' lang='lat' dir='ltr'><strong>quaestorem</strong></span> <span class='ocrx_word' id='word_1_267' title='bbox 2581 3525 2661 3585; x_wconf 85' lang='lat' dir='ltr'><strong>ab</strong></span> <span class='ocrx_word' id='word_1_268' title='bbox 2696 3524 2907 3585; x_wconf 86' lang='lat' dir='ltr'><strong>eodem</strong></span> 
     </span>
     <span class='ocr_line' id='line_1_32' title="bbox 671 3604 2907 3704; baseline 0.001 -25"><span class='ocrx_word' id='word_1_269' title='bbox 671 3604 796 3657; x_wconf 49' lang='grc' dir='ltr'><strong>ρξ’·</strong></span> <span class='ocrx_word' id='word_1_270' title='bbox 820 3624 865 3659; x_wconf 77' lang='lat'><strong>⁰·</strong></span> <span class='ocrx_word' id='word_1_271' title='bbox 891 3612 973 3661; x_wconf 75' lang='grc' dir='ltr'><strong>Π·</strong></span> <span class='ocrx_word' id='word_1_272' title='bbox 998 3618 1211 3680; x_wconf 87' lang='lat' dir='ltr'><strong>Vettio</strong></span> <span class='ocrx_word' id='word_1_273' title='bbox 1252 3621 1328 3681; x_wconf 87' lang='lat' dir='ltr'><strong>C.</strong></span> <span class='ocrx_word' id='word_1_274' title='bbox 1372 3622 1580 3683; x_wconf 81' lang='lat' dir='ltr'><strong>Caesar</strong></span> <span class='ocrx_word' id='word_1_275' title='bbox 1617 3632 1751 3683; x_wconf 85' lang='lat' dir='ltr'><strong>erat</strong></span> <span class='ocrx_word' id='word_1_276' title='bbox 1784 3623 2209 3703; x_wconf 81' lang='lat' dir='ltr'><strong>compellatus:</strong></span> <span class='ocrx_word' id='word_1_277' title='bbox 2241 3618 2417 3704; x_wconf 64' lang='lat' dir='ltr'><strong>quem</strong></span> <span class='ocrx_word' id='word_1_278' title='bbox 2450 3621 2628 3682; x_wconf 84' lang='lat' dir='ltr'><strong>etiani</strong></span> <span class='ocrx_word' id='word_1_279' title='bbox 2658 3622 2742 3688; x_wconf 84' lang='lat' dir='ltr'><strong>Q.</strong></span> <span class='ocrx_word' id='word_1_280' title='bbox 2781 3622 2907 3681; x_wconf 85' lang='lat' dir='ltr'><strong>Cu—</strong></span> 
     </span>
     <span class='ocr_line' id='line_1_33' title="bbox 997 3711 2911 3800; baseline 0.003 -25"><span class='ocrx_word' id='word_1_281' title='bbox 997 3716 1138 3789; x_wconf 90' lang='lat' dir='ltr'><strong>rius,</strong></span> <span class='ocrx_word' id='word_1_282' title='bbox 1185 3720 1281 3779; x_wconf 88' lang='lat' dir='ltr'><strong>cui</strong></span> <span class='ocrx_word' id='word_1_283' title='bbox 1336 3720 1523 3800; x_wconf 75' lang='lat' dir='ltr'><strong>primo</strong></span> <span class='ocrx_word' id='word_1_284' title='bbox 1565 3719 1937 3779; x_wconf 80' lang='lat' dir='ltr'><strong>Catilinariae</strong></span> <span class='ocrx_word' id='word_1_285' title='bbox 1974 3721 2402 3800; x_wconf 83' lang='lat' dir='ltr'><strong>conjurationis</strong></span> <span class='ocrx_word' id='word_1_286' title='bbox 2441 3711 2626 3788; x_wconf 76' lang='lat' dir='ltr'><strong>indici</strong></span> <span class='ocrx_word' id='word_1_287' title='bbox 2666 3719 2911 3781; x_wconf 81' lang='lat' dir='ltr'><strong>decreta</strong></span> 
     </span>
     <span class='ocr_line' id='line_1_34' title="bbox 997 3816 2905 3896; baseline 0.001 -21"><span class='ocrx_word' id='word_1_288' title='bbox 997 3818 1241 3896; x_wconf 79' lang='lat' dir='ltr'><strong>proemia</strong></span> <span class='ocrx_word' id='word_1_289' title='bbox 1263 3826 1454 3888; x_wconf 84' lang='lat' dir='ltr'><strong>erant,</strong></span> <span class='ocrx_word' id='word_1_290' title='bbox 1483 3819 1542 3876; x_wconf 90' lang='lat' dir='ltr'><strong>in</strong></span> <span class='ocrx_word' id='word_1_291' title='bbox 1569 3827 1776 3894; x_wconf 73' lang='lat' dir='ltr'><strong>senatu</strong></span> <span class='ocrx_word' id='word_1_292' title='bbox 1814 3819 2238 3879; x_wconf 81' lang='lat' dir='ltr'><strong>nominaverat.</strong></span> <span class='ocrx_word' id='word_1_293' title='bbox 2326 3816 2405 3877; x_wconf 91' lang='lat' dir='ltr'><strong>Id</strong></span> <span class='ocrx_word' id='word_1_294' title='bbox 2442 3837 2583 3879; x_wconf 81' lang='lat' dir='ltr'><strong>vero</strong></span> <span class='ocrx_word' id='word_1_295' title='bbox 2621 3818 2905 3877; x_wconf 82' lang='lat' dir='ltr'><strong>intolera-</strong></span> 
     </span>
     <span class='ocr_line' id='line_1_35' title="bbox 997 3912 2905 3985; baseline 0.002 -16"><span class='ocrx_word' id='word_1_296' title='bbox 997 3912 1120 3973; x_wconf 88' lang='lat' dir='ltr'><strong>bile</strong></span> <span class='ocrx_word' id='word_1_297' title='bbox 1145 3912 1370 3975; x_wconf 75' lang='lat' dir='ltr'><strong>Caesari</strong></span> <span class='ocrx_word' id='word_1_298' title='bbox 1395 3916 1606 3975; x_wconf 74' lang='lat' dir='ltr'><strong>visum.</strong></span> <span class='ocrx_word' id='word_1_299' title='bbox 1693 3913 1933 3975; x_wconf 87' lang='lat' dir='ltr'><strong>Idcirco</strong></span> <span class='ocrx_word' id='word_1_300' title='bbox 1956 3915 2307 3976; x_wconf 87' lang='lat' dir='ltr'><strong>Ciceronem</strong></span> <span class='ocrx_word' id='word_1_301' title='bbox 2326 3916 2386 3975; x_wconf 83' lang='lat' dir='ltr'><strong>in</strong></span> <span class='ocrx_word' id='word_1_302' title='bbox 2406 3924 2613 3974; x_wconf 85' lang='lat' dir='ltr'><strong>senatu</strong></span> <span class='ocrx_word' id='word_1_303' title='bbox 2636 3923 2905 3985; x_wconf 72' lang='lat' dir='ltr'><strong>testatuS,</strong></span> 
     </span>
    </p>
   </div>
   <div class='ocr_carea' id='block_1_3' title="bbox 995 4136 2905 4453">
    <p class='ocr_par' dir='ltr' id='par_1_3' title="bbox 995 4136 2905 4453">
     <span class='ocr_line' id='line_1_36' title="bbox 1059 4136 2904 4206; baseline 0 -20"><span class='ocrx_word' id='word_1_304' title='bbox 1059 4136 1086 4171; x_wconf 62' lang='grc' dir='ltr'><strong>ὖ</strong></span> <span class='ocrx_word' id='word_1_305' title='bbox 1120 4138 1330 4187; x_wconf 79' lang='lat' dir='ltr'><strong>Galliam</strong></span> <span class='ocrx_word' id='word_1_306' title='bbox 1354 4138 1423 4187; x_wconf 72' lang='lat' dir='ltr'><strong>eis</strong></span> <span class='ocrx_word' id='word_1_307' title='bbox 1440 4138 1612 4202; x_wconf 74' lang='lat' dir='ltr'><strong>Alpes]</strong></span> <span class='ocrx_word' id='word_1_308' title='bbox 1637 4138 1773 4189; x_wconf 80' lang='lat' dir='ltr'><strong>Haec</strong></span> <span class='ocrx_word' id='word_1_309' title='bbox 1790 4154 1933 4203; x_wconf 88' lang='lat' dir='ltr'><strong>pro··</strong></span> <span class='ocrx_word' id='word_1_310' title='bbox 1984 4140 2120 4192; x_wconf 78' lang='lat' dir='ltr'><strong>Qnae</strong></span> <span class='ocrx_word' id='word_1_311' title='bbox 2144 4141 2388 4206; x_wconf 78' lang='lat' dir='ltr'><strong>qnoniam</strong></span> <span class='ocrx_word' id='word_1_312' title='bbox 2412 4140 2563 4205; x_wconf 75' lang='lat' dir='ltr'><strong>plura</strong></span> <span class='ocrx_word' id='word_1_313' title='bbox 2586 4146 2729 4196; x_wconf 82' lang='lat' dir='ltr'><strong>sunt,</strong></span> <span class='ocrx_word' id='word_1_314' title='bbox 2788 4138 2904 4188; x_wconf 76' lang='lat' dir='ltr'><strong>nam</strong></span> 
     </span>
     <span class='ocr_line' id='line_1_37' title="bbox 997 4202 2903 4268; baseline 0.002 -19"><span class='ocrx_word' id='word_1_315' title='bbox 997 4202 1282 4252; x_wconf 74' lang='lat' dir='ltr'><strong>vinciat-nm</strong></span> <span class='ocrx_word' id='word_1_316' title='bbox 1317 4204 1576 4254; x_wconf 75' lang='lat' dir='ltr'><strong>ordinatio</strong></span> <span class='ocrx_word' id='word_1_317' title='bbox 1610 4203 1725 4254; x_wconf 79' lang='lat' dir='ltr'><strong>fuse</strong></span> <span class='ocrx_word' id='word_1_318' title='bbox 1752 4220 1911 4268; x_wconf 80' lang='lat' dir='ltr'><strong>expo-</strong></span> <span class='ocrx_word' id='word_1_319' title='bbox 1983 4214 2042 4256; x_wconf 82' lang='lat' dir='ltr'><strong>ut</strong></span> <span class='ocrx_word' id='word_1_320' title='bbox 2070 4220 2133 4255; x_wconf 78' lang='lat' dir='ltr'><strong>ea</strong></span> <span class='ocrx_word' id='word_1_321' title='bbox 2166 4207 2414 4268; x_wconf 74' lang='lat' dir='ltr'><strong>marginis</strong></span> <span class='ocrx_word' id='word_1_322' title='bbox 2453 4206 2712 4267; x_wconf 68' lang='lat' dir='ltr'><strong>angustiae</strong></span> <span class='ocrx_word' id='word_1_323' title='bbox 2770 4204 2903 4253; x_wconf 70' lang='lat' dir='ltr'><strong>acile</strong></span> 
     </span>
     <span class='ocr_line' id='line_1_38' title="bbox 995 4268 2905 4335; baseline 0.001 -18"><span class='ocrx_word' id='word_1_324' title='bbox 995 4268 1140 4317; x_wconf 76' lang='lat' dir='ltr'><strong>nitur</strong></span> <span class='ocrx_word' id='word_1_325' title='bbox 1171 4270 1221 4317; x_wconf 85' lang='lat' dir='ltr'><strong>in</strong></span> <span class='ocrx_word' id='word_1_326' title='bbox 1261 4270 1430 4331; x_wconf 78' lang='lat' dir='ltr'><strong>Pighii</strong></span> <span class='ocrx_word' id='word_1_327' title='bbox 1451 4268 1765 4331; x_wconf 78' lang='lat' dir='ltr'><strong>Annalibus,</strong></span> <span class='ocrx_word' id='word_1_328' title='bbox 1787 4271 1912 4320; x_wconf 81' lang='lat' dir='ltr'><strong>alla·</strong></span> <span class='ocrx_word' id='word_1_329' title='bbox 1982 4285 2177 4334; x_wconf 83' lang='lat' dir='ltr'><strong>capere</strong></span> <span class='ocrx_word' id='word_1_330' title='bbox 2218 4272 2441 4335; x_wconf 74' lang='lat' dir='ltr'><strong>possint,</strong></span> <span class='ocrx_word' id='word_1_331' title='bbox 2472 4272 2537 4319; x_wconf 80' lang='lat' dir='ltr'><strong>ad</strong></span> <span class='ocrx_word' id='word_1_332' title='bbox 2572 4272 2739 4321; x_wconf 83' lang='lat' dir='ltr'><strong>solum</strong></span> <span class='ocrx_word' id='word_1_333' title='bbox 2776 4270 2905 4334; x_wconf 75' lang='lat' dir='ltr'><strong>Pig-</strong></span> 
     </span>
     <span class='ocr_line' id='line_1_39' title="bbox 999 4334 2630 4398; baseline 0.002 -17"><span class='ocrx_word' id='word_1_334' title='bbox 999 4334 1067 4381; x_wconf 61' lang='grc' dir='ltr'><strong>εἰς</strong></span> <span class='ocrx_word' id='word_1_335' title='bbox 1108 4341 1429 4382; x_wconf 80' lang='lat' dir='ltr'><strong>vetustorum</strong></span> <span class='ocrx_word' id='word_1_336' title='bbox 1475 4335 1808 4398; x_wconf 79' lang='lat' dir='ltr'><strong>scriptorum,</strong></span> <span class='ocrx_word' id='word_1_337' title='bbox 1850 4352 1911 4385; x_wconf 87' lang='lat' dir='ltr'><strong>ac</strong></span> <span class='ocrx_word' id='word_1_338' title='bbox 1980 4338 2119 4387; x_wconf 81' lang='lat' dir='ltr'><strong>bium</strong></span> <span class='ocrx_word' id='word_1_339' title='bbox 2145 4338 2447 4387; x_wconf 71' lang='lat' dir='ltr'><strong>remisimus.</strong></span> <span class='ocrx_word' id='word_1_340' title='bbox 2488 4337 2630 4386; x_wconf 75' lang='lat' dir='ltr'><strong>Grec.</strong></span> 
     </span>
     <span class='ocr_line' id='line_1_40' title="bbox 999 4398 1913 4453; baseline 0.004 -8"><span class='ocrx_word' id='word_1_341' title='bbox 999 4398 1220 4447; x_wconf 82' lang='lat' dir='ltr'><strong>maxime</strong></span> <span class='ocrx_word' id='word_1_342' title='bbox 1257 4399 1540 4453; x_wconf 83' lang='lat' dir='ltr'><strong>Ciceronis,</strong></span> <span class='ocrx_word' id='word_1_343' title='bbox 1589 4401 1913 4451; x_wconf 74' lang='lat' dir='ltr'><strong>testimoniis.</strong></span> 
     </span>
    </p>
   </div>
  </div>
 </body>
</html>
