3300 5234
786 477 963 562 5312

1749 495 1821 544 Τ.
1869 495 2064 546 lell

1118 639 1324 707 toric:
1366 659 1483 700 non
1510 635 1647 700 ideo
1673 657 1767 700 me
1793 639 1884 700 bis
1908 637 2157 700 similem
2182 638 2308 700 fore
2327 635 2834 708 existimaveritis,
2849 637 3020 717 cnjus

1118 736 1605 806 moderationem,
1632 753 1708 796 ne
1733 736 2094 798 recensendo
2117 735 2356 816 singula
2383 755 2480 796 me
2515 735 2762 796 laudare
2789 733 3018 806 videar,

1114 851 1237 894 non
1262 841 1563 894 mutarunt
1584 843 1680 895 tot
1709 853 2010 916 prospera,
2053 833 2158 894 sed
2201 833 2618 914 probaverunt.
2701 831 3021 894 Enimvero

1119 947 1311 1010 neque
1334 950 1477 1010 erga
1502 930 1802 992 fortunam
1827 931 2210 992 irreverenter
2235 949 2332 990 me
2357 949 2576 1009 geram,
2604 937 2714 989 aut
2749 927 3048 1008 indigna:

981 1075 988 1085 .
1114 1028 1335 1088 tionem
1358 1029 1641 1089 excitabo
1670 1027 1958 1100 Deorum,
1984 1048 2137 1110 quos
2175 1027 2360 1088 ferme
2403 1046 2518 1088 non
2553 1027 2804 1088 ulterius
2841 1027 3019 1088 bene-

1116 1123 1257 1187 ficia
1279 1144 1389 1186 sua
1409 1133 1573 1186 sarta
1594 1133 1758 1187 tecta
1782 1135 2062 1208 praestsre
2085 1127 2361 1206 cognovi,
2387 1143 2568 1226 quam
2593 1123 2790 1185 donec
2831 1123 3020 1184 homi-

1118 1242 1221 1282 nes
1255 1223 1351 1282 his
1390 1223 1654 1286 modeste
1697 1233 1880 1304 atque
1923 1223 2222 1305 sapienter
2257 1231 2516 1283 utuntur.

1191 1308 1261 1381 ’5.
1307 1328 1325 1357 ‘
1350 1319 1576 1402 Neque
1596 1341 1738 1382 vero
1764 1322 1844 1382 ab
1869 1321 2040 1382 initio
2062 1321 2208 1381 belli
2251 1319 2418 1382 aliud
2461 1319 2608 1380 mibi
2647 1320 3020 1401 propositum

1116 1436 1413 1478 armorum
1440 1419 1748 1500 praemium
1775 1417 1912 1490 fuit,
1939 1437 2118 1500 quam
2145 1427 2233 1489 ut,
2259 1419 2424 1480 victa
2455 1415 2681 1478 invidia
2713 1425 2904 1497 atque
2937 1417 3020 1477 in-

1114 1513 1391 1588 selentia,
1418 1515 1698 1577 virtutem
1721 1514 2086 1596 explicarem
2123 1533 2320 1576 meam
2357 1523 2510 1587 tuto,
2535 1523 2600 1574 et
2636 1533 2715 1573 ex
2747 1512 3022 1592 augenda

1118 1611 1373 1673 utilitate
1400 1611 1645 1693 publica
1669 1611 1924 1692 gloriam
1943 1613 2330 1693 acquirerem.
2392 1611 2566 1678 Quos
2591 1611 2770 1690 igitur
2793 1611 2862 1671 in
2895 1610 3023 1670 aliis

1115 1708 1461 1789 reprebendi
1494 1716 1678 1788 atque
1717 1716 2054 1790 persecutus
2091 1729 2222 1768 sum
2263 1727 2476 1780 mores,
2511 1708 2584 1768 iis
2625 1709 2784 1768 absit
2825 1716 2898 1767 ut
2935 1727 3022 1768 me

1116 1805 1353 1886 cupiam
1376 1803 1621 1876 dedere,
1669 1805 2038 1886 similemque
2071 1805 2164 1866 his
2195 1805 2504 1868 ostendere
2539 1825 2690 1886 qnos
2723 1805 3022 1886 superavi.

1120 1899 1255 1982 Ego
1277 1923 1421 1964 vero
1464 1903 1664 1984 potius
1703 1903 1859 1984 ipsa*
1873 1903 2108 1964 fortuna
2153 1923 2288 1963 mea
2327 1903 2562 1974 incitor,
2597 1909 2686 1973 ut,
2723 1903 2840 1961 nisi
2881 1900 3020 1962 olim

1116 2017 1345 2059 summa
1382 1999 1527 2059 mihi
1555 1999 1836 2060 voluntas
1875 1999 2086 2060 fuisset
2111 2000 2312 2060 omnia
2335 1999 2444 2059 rite
2469 2008 2654 2079 atque
2677 1997 2894 2058 ordine
2918 1997 3022 2057 ad-

1118 2095 1513 2168 ministrandi,
1536 2096 1635 2156 vel
1664 2096 1802 2156 inde
1828 2099 2114 2177 majorem
2151 2104 2446 2156 sumturus
2479 2095 2764 2176 impetum
2793 2094 3022 2155 fuerim.

1193 2198 1257 2253 6.
1301 2203 1319 2228 ⁶
1344 2192 1542 2260 Quem
1584 2195 1746 2254 enim
1788 2193 1986 2274 potius
2025 2191 2372 2254 benefacere
2417 2191 2620 2253 multis
2661 2200 2878 2252 v'erum
2917 2200 3020 2262 est,

1117 2309 1299 2370 quam
1344 2309 1525 2371 penes
1568 2309 1748 2372 quem
1787 2309 1990 2351 earum
2035 2309 2226 2350 rerum
2271 2289 2537 2351 maxima
2587 2297 2679 2349 est
2719 2287 3020 2349 facultas?

1119 2386 1240 2448 cni
1274 2405 1415 2448 vero
1440 2389 1635 2448 minus
1665 2397 1772 2448 aut
1803 2407 2145 2449 concessum
2171 2397 2263 2448 est
2287 2407 2560 2468 peccare,
2600 2395 2712 2447 aut
2753 2405 3021 2447 necessa·

1117 2482 1269 2544 rium
1290 2483 1319 2543 21
1402 2484 1678 2546 Deorum
1709 2493 1910 2545 autem
1945 2483 2240 2546 beneficia
2273 2504 2310 2544 a
2333 2502 2457 2564 quo
2489 2483 2768 2544 utimar-i
2805 2486 3024 2544 rectius

1118 2590 1385 2660 possunt,
1410 2601 1593 2663 quam
1632 2583 1714 2642 ab
1743 2603 1816 2644 eo
1857 2583 1954 2642 cui
1985 2581 2078 2642 illi
2119 2601 2348 2642 summa
2383 2581 2584 2642 omnia
2605 2579 3023 2642 contulerunt?

1119 2677 1277 2746 Quis
1311 2682 1597 2760 majorem
1640 2679 1970 2741 concordia
2009 2680 2294 2762 pacisque
2335 2679 2596 2760 publicae
2625 2687 2770 2757 aget
2799 2699 3023 2753 curam,

1114 2793 1297 2854 quam
1334 2779 1509 2855 cujus
1542 2797 1676 2836 eam
1713 2777 1932 2838 servari
1967 2776 2228 2836 maxime
2270 2775 2554 2838 interest?
2639 2775 2704 2836 Is
2741 2775 2926 2855 igitur
2963 2785 3024 2837 et

1115 2871 1319 2931 animo
1356 2873 1674 2954 imperabit
1701 2873 2045 2955 plurimum,
2071 2881 2136 2932 et
2165 2875 2434 2954 potentia
2472 2880 2874 2954 temperanter
2899 2882 3020 2933 ute·

1116 2977 1212 3028 tur
1248 2987 1265 3027 τ
1335 2969 1471 3049 quis
1520 2971 1645 3031 sine
1697 2969 1983 3031 contineri
2029 2989 2306 3049 magnam
2350 2968 2700 3030 felicitatem
2743 2968 2856 3030 diu
2910 2989 3024 3030 non

1118 3083 1289 3146 posse
1332 3086 1506 3128 nemo
1540 3067 1799 3130 dubitat.
1885 3067 2056 3136 Quid
2097 3069 2150 3128 si
2183 3066 2262 3128 ad
2301 3069 2432 3128 baec
2473 3065 2724 3128 accedat
2759 3066 3018 3128 studium

1116 3161 1345 3242 gloriae,
1371 3185 1495 3245 qua
1518 3185 1637 3226 una
1675 3167 1738 3226 in
1779 3187 1844 3227 re
1885 3186 1978 3226 me
2015 3165 2208 3227 fateor
2237 3185 2364 3226 esse
2401 3165 3021 3246 intemperantiorem?

1116 3257 1225 3320 An
1264 3281 1380 3321 non
1404 3263 1510 3342 qui
1540 3271 1601 3322 et
1622 3261 1794 3342 dilig-i
1828 3281 1867 3322 a
1901 3263 2312 3343 proesentibus,
2339 3271 2403 3321 et
2433 3261 2665 3322 laudari
2703 3281 2744 3322 a
2774 3263 3022 3342 posteris

1116 3354 1304 3429 volet,
1330 3343 1571 3438 operam
1596 3357 1769 3420 dabit
1803 3366 1874 3419 ut
1905 3359 1978 3419 iis
2011 3357 2188 3419 factis
2211 3359 2589 3437 moribusque
2615 3356 2878 3430 studeat,
2919 3377 3020 3439 per

1116 3472 1253 3533 quae
1278 3455 1392 3515 ista
1418 3464 1543 3517 tam
1572 3454 1822 3538 pulchra
1849 3463 2032 3536 atque
2049 3454 2473 3516 desiderabilia
2495 3475 2692 3536 quam-
2701 3455 3019 3516 certissime

1116 3561 1180 3612 et
1212 3562 1631 3634 comparantur
1669 3562 1734 3614 et
1765 3554 2138 3613 retinentur?
2924 3537 2932 3542 ⁵

1198 3657 1259 3716 ⁷.
1302 3661 1320 3686 ⁶
1346 3648 1571 3732 Neque
1594 3649 1727 3712 baec
1763 3671 1802 3712 a
1839 3669 1934 3711 me
1958 3649 2130 3729 fingi,
2166 3646 2346 3710 fidem
2370 3647 2543 3708 vobis
2582 3647 2882 3728 proeterita
2905 3665 3020 3706 non

1114 3747 1307 3808 minus
1326 3768 1507 3829 quam
1532 3749 1852 3829 prasentia
1873 3747 2116 3809 facient.
2202 3721 2382 3806 Nihil
2408 3745 2644 3806 locutus
2667 3764 2828 3817 sum,
2860 3741 3018 3823 qued

1114 3861 1231 3904 non
1274 3863 1395 3924 prae
1444 3865 1541 3906 me
1588 3843 1824 3906 hilerim
1859 3851 2184 3926 perpetuo:
2225 3850 2290 3903 et
2333 3843 2386 3902 si
2428 3841 2698 3922 potentia
2741 3847 3022 3900 mutsaeet

1114 3943 1402 4014 animum,
1422 3961 1579 4002 nnnc
1598 3942 1858 4003 maxime
1879 3951 2114 4022 tempus
2137 3947 2270 4000 erat
2280 3937 2663 4000 declaranda!
2673 3936 3016 4006 voluntatis,

1114 4047 1431 4119 postquam
1454 4037 1672 4099 deletis
1705 4059 1824 4099 non
1866 4039 2136 4120 partibus
2171 4036 2372 4109 modo,
2407 4033 2514 4096 sed
2543 4034 2726 4096 etiam
2757 4033 3019 4115 reliquiis

1114 4134 1393 4216 partium,
1432 4155 1634 4218 sospes
1681 4135 2111 4216 incolumisque
2153 4141 2218 4195 et
2255 4134 2522 4195 victoria
2567 4151 2814 4213 compos
2847 4131 3014 4193 redii.

1117 4231 1240 4292 Sed
1280 4231 1445 4314 prius
1486 4233 1688 4294 omnia
1731 4233 1794 4292 in
1831 4251 1930 4294 me
1975 4232 2184 4312 gravia
2225 4240 2405 4312 atque
2447 4230 2664 4291 acerba
2708 4237 3012 4311 expetant,

1116 4347 1298 4410 quam
1322 4329 1483 4394 bunc
1508 4327 1750 4393 induam
1771 4329 2058 4402 animum,
2081 4338 2151 4389 ut
2165 4337 2456 4410 tyrannus
2473 4325 2684 4408 patria
2697 4335 2762 4387 et
2775 4325 3012 4396 civium,
