3300 5234
487 964 2331 1092 SUPPLEMENTUM

1138 1264 1415 1331 LIBRI
1477 1262 1629 1329 CV.

727 1644 738 1651 ο
943 1462 1840 1597 msTomAmJM

639 1740 760 1829 T·
866 1742 1249 1834 LIVII
1354 1742 2137 1833 PATAVINI.

288 2255 342 2307 1.
388 2222 817 2311 BELLORUM
858 2270 937 2309 ea
972 2248 1237 2309 conditio
1275 2266 1413 2308 cum
1454 2257 1628 2319 esset,
1660 2259 1728 2309 ut
1769 2258 1968 2311 tamen
2011 2252 2187 2325 inter-

284 2344 419 2405 durn
446 2355 581 2428 post
603 2347 812 2427 gravia
834 2355 899 2407 et
924 2347 1151 2407 atrocia
1175 2346 1397 2407 damna
1423 2365 1571 2436 pace
1595 2356 1702 2405 aut
1725 2346 1979 2408 induciis
2005 2351 2190 2410 inter-

284 2446 666 2521 quiescerent,
708 2454 815 2504 aut
855 2443 1065 2504 saltem
1108 2443 1321 2523 hyeme
1364 2444 1832 2513 remitterentur:
1881 2446 1938 2503 in
1989 2444 2184 2517 Urbe,

282 2560 395 2599 non
428 2541 893 2611 conditionibm,
922 2560 1039 2601 non
1078 2550 1341 2621 tempore
1380 2540 1637 2601 leniente
1675 2540 1810 2613 iras,
1845 2542 1968 2601 sine
2007 2542 2184 2603 inter·

280 2639 543 2700 missione
586 2640 945 2699 certabatur.
1030 2637 1219 2699 Nova
1268 2646 1333 2699 et
1382 2639 1588 2717 ingens
1636 2638 1942 2699 contentio
1993 2658 2071 2699 ex
2113 2660 2184 2699 eo
2241 2644 2510 2699 Planctus.

276 2744 631 2807 surrexerat,
657 2706 819 2816 qirod
860 2734 978 2795 Cn.
1007 2735 1361 2817 Pompeius,
1404 2734 1498 2794 M.
1524 2734 1800 2807 Crassus,
1827 2757 1975 2816 quos
2003 2735 2184 2797 ullius
2206 2710 2504 2842 ἷξοὲῖ·οἵῑ·

278 2832 437 2895 bonae
462 2835 552 2893 rei
578 2854 763 2893 causa
784 2852 923 2894 cum
951 2830 1189 2893 Caesare
1223 2832 1403 2893 fuisse
1442 2852 1617 2893 nemo
1640 2830 1946 2905 credebat,
1971 2854 2180 2895 consu·
2206 2838 2318 2893 Cat.

278 2928 453 2989 latum
480 2931 729 3011 petituri
752 2931 1141 2991 dicebantur:
1184 2950 1321 3011 qnoe
1360 2950 1453 2989 res
1478 2930 1641 2991 haud
1668 2912 1850 2991 dubie
1875 2930 1955 2991 ad
1981 2934 2178 3013 oppri-

276 3026 547 3087 mendam
565 3027 901 3087 libertatem
922 3027 1275 3109 pertinebat.
1360 3026 1447 3087 Et
1464 3027 1850 3088 occultabant
1873 3027 1964 3087 illi
1987 3031 2176 3089 consi-

276 3122 411 3183 lium
444 3144 643 3195 suum,
668 3125 813 3204 quia
834 3125 895 3185 in
922 3145 995 3185 eo
1022 3124 1279 3203 negotio,
1308 3124 1469 3204 quod
1494 3144 1631 3184 cum
1659 3145 1720 3183 re
1745 3124 2023 3198 insolens,
2049 3135 2177 3187 tum
2202 3128 2400 3209 vell-u.
2417 3136 2502 3182 46.

276 3232 529 3303 tempore
570 3222 831 3282 alienum
872 3230 1026 3293 erat,
1072 3224 1217 3298 (non
1258 3223 1411 3281 enim
1447 3230 1618 3283 erant
1658 3222 1934 3302 legitimis
1969 3222 2178 3284 diebus
2201 3194 2394 3310 ,¹322-

276 3320 561 3398 professi,)
589 3320 937 3379 metuebant
962 3338 1035 3379 ne
1056 3318 1307 3380 validius
1330 3328 1828 3400 oppugnarentur.

346 3422 403 3475 2.
450 3415 621 3476 Nam
649 3416 765 3477 Cn.
797 3415 1079 3477 Lentulus
1116 3416 1505 3476 Marcellinus
1528 3414 1828 3496 egregium
1857 3420 2176 3498 prastabat
2229 3422 2412 3473 Cic.ad
2435 3426 2500 3483 Q.

272 3513 605 3573 consulem:
646 3523 706 3572 et
724 3514 868 3593 quia
893 3512 997 3573 ille
1020 3512 1263 3573 comitia
1280 3521 1409 3573 erat
1430 3512 1763 3585 habiturus,
1783 3532 1894 3575 nec
1910 3512 2170 3595 alioquin
2197 3487 2346 3601 32³·
2369 3506 2429 3541 ¹¹·
2443 3496 2495 3541 Β·

272 3607 584 3669 imbecillis
606 3618 757 3681 erat,
782 3608 945 3669 haud
968 3610 1259 3671 immerito
1298 3609 1636 3685 timebatur.
1719 3608 1862 3669 Jam
1888 3610 1982 3671 M.
2012 3610 2170 3673 Cato
2193 3618 2326 3669 Plut.
2351 3620 2460 3669 Cat.

272 3726 365 3785 per
388 3705 740 3767 affinitatem
762 3706 1021 3766 consulis
1046 3706 1116 3767 L.
1146 3706 1444 3788 Philippi,
1463 3709 1637 3787 cujus
1655 3706 1844 3767 filiam
1875 3706 2169 3769 Marciam

268 3802 539 3874 duxerat,
564 3804 974 3863 auctoritatem
1016 3824 1199 3885 prope
1241 3802 1609 3864 consularem
1644 3804 1975 3865 obtinebat.
2059 3803 2167 3865 Id·
2195 3814 2312 3865 Dio.

266 3901 427 3961 circo
474 3920 681 3981 parum
733 3900 940 3961 confisi
991 3900 1234 3971 viribuS,
1284 3901 1397 3961 hoc
1446 3902 1708 3979 agebant
1745 3909 1816 3961 ut
1855 3900 2000 3961 dolo
2043 3922 2166 3961 rem

265 3997 616 4085 obtinerent.
700 3996 781 4058 Id
818 3996 969 4058 adeo
1009 3998 1304 4079 putabant
1342 4018 1766 4079 processurum,
1806 3999 1854 4057 si
1895 4006 2022 4058 toto
2057 3998 2172 4059 illd

266 4110 421 4151 anno
456 4091 701 4151 comitia
736 4091 1173 4171 impedirentur.
1260 4090 1365 4153 Sic
1404 4092 1559 4151 enim
1599 4092 1928 4151 necessario
1953 4091 2162 4152 decur-

262 4188 503 4249 rebatur
544 4188 620 4249 ad
662 4190 1080 4267 interregnum,
1126 4188 1383 4269 ipsisque
1424 4188 1679 4270 spatium
1721 4187 1996 4261 dabatur,
2041 4210 2162 4270 quo

264 4298 463 4363 petere
490 4286 811 4346 secundum
840 4284 999 4365 leges
1024 4295 1085 4347 et
1108 4284 1394 4367 consequi
1422 4286 1827 4366 magistratum
1854 4296 2108 4369 possent.

382 4398 569 4463 Debh.
590 4404 637 4449 et
664 4398 779 4449 γαν.
802 4400 933 4451 Clu.
1260 4398 1447 4451 Livius.
2217 4406 2280 4455 14
2303 4402 2354 4456 Y
