3300 5234
787 601 966 673 5172

825 1162 958 1212 Cos.
971 1160 1088 1211 Civ.

1754 614 1825 663 'l'-
1874 614 2071 664 lell

1113 758 1249 841 pari
1291 754 1608 819 altitudine
1652 764 1785 817 erat
1825 756 2167 838 conspicua,
2214 754 2509 838 profunda
2548 754 2726 817 vallis
2776 758 3029 817 interce-

1115 855 1323 917 debat.
1433 852 1514 915 Id
1561 854 1823 935 spatium
1872 853 2117 935 explere
2169 853 2377 915 θεοει-
2422 852 2793 925 decreverat,
2838 854 3031 915 insani

1117 952 1342 1013 laboris
1383 970 1569 1033 opus:
1621 950 1729 1011 sed
1774 949 1878 1011 ille
1910 952 2045 1030 jam
2092 950 2285 1011 multa
2328 950 2501 1023 talia,
2542 951 2751 1011 inausa
2790 961 2899 1011 aut
2938 951 3033 1013 in·-

1115 1049 1328 1111 audita
1365 1048 1602 1121 ceteris,
1643 1046 1993 1130 perfecerat.
2076 1048 2261 1109 Prius
2298 1057 2501 1111 tamen
2538 1049 2755 1119 visum,
2796 1050 3031 1121 urbem,

1115 1166 1238 1227 qua
1275 1155 1446 1209 ωτι-ω
1483 1146 1894 1217 committitur,
1922 1148 2090 1223 (nam
2114 1156 2235 1207 tres
2262 1146 2387 1207 fere
2410 1146 2617 1228 oppidi
2642 1155 2843 1228 partes
2880 1147 3035 1207 mari

1115 1243 1468 1321 alluuntur,)
1501 1242 1975 1315 circumvallare,
2003 1243 2199 1305 ductis
2236 1244 2531 1323 utrimque
2564 1262 2605 1303 a
2634 1243 2771 1305 loco
2802 1252 3033 1305 casuu-

1115 1360 1248 1401 rum
1291 1339 1370 1402 ad
1415 1360 1578 1401 mare
1621 1338 1793 1401 fossis
1838 1341 2292 1421 aggeribusque,
2330 1348 2397 1401 et
2436 1360 2541 1421 per
2578 1338 2795 1401 idonea
2836 1340 3035 1421 spatia

867 1464 894 1497 e
961 1483 978 1501 .
1115 1440 1376 1499 turribus
1401 1439 1777 1519 interpositis.
1848 1438 1960 1499 Ad
1984 1439 2113 1501 baec
2138 1458 2323 1520 opera
2342 1458 2483 1500 cum
2506 1439 2759 1499 materia
2773 1437 3031 1511 deesset,

792 1909 920 1959 Ces.
936 1910 1091 1962 Cinx-

821 2138 930 2191 cic.
951 2139 1016 2189 ad

787 2203 896 2255 Act.
911 2220 966 2253 x.
987 2211 1068 2257 u.

787 2536 926 2587 Plut-
945 2537 1056 2591 Cic.

819 2915 954 2965 Plut.

785 3045 896 3095 Cat.

785 3490 919 3543 Plut.
949 3490 1055 3543 Cic.

783 3888 914 3939 Caes.

1113 1537 1376 1617 antiquoe
1414 1534 1719 1615 religionis
1741 1535 1941 1600 lucum
1972 1535 2247 1599 exscindi
2270 1536 2475 1617 Jussit,
2498 1534 2907 1615 militibusque
2930 1556 3031 1597 au-

1115 1634 1456 1714 perstitione
1483 1633 1863 1695 contantibus
1888 1634 2110 1715 primus
2132 1635 2385 1716 arripuit
2404 1634 2679 1695 securim.
2746 1632 3033 1693 Ceterum

1115 1730 1476 1809 prospiciens
1503 1730 1784 1809 longioris
1808 1751 1989 1792 morae
2012 1732 2315 1811 negotium
2340 1751 2488 1801 esse,
2516 1748 2695 1812 quam
2725 1730 2911 1811 ipsius
2933 1750 3033 1791 ra·-

1114 1826 1310 1887 tiones
1354 1837 1717 1907 paterentur,
1760 1826 1837 1889 C.
1884 1827 2249 1889 Trebonium
2292 1828 2589 1891 obsidioni
2632 1828 2922 1909 praefecit,
2970 1829 3031 1889 in

1119 1921 1481 2004 Hispaniam
1535 1923 1929 2004 profecturus,
1980 1946 2103 2005 quo
2143 1926 2279 2004 jam
2333 1924 2411 1985 C.
2462 1924 2720 1985 Fabium
2764 1924 3032 2004 legatum

1112 2038 1248 2081 cum
1290 2020 1622 2099 legionibus
1658 2040 1767 2081 sex
1809 2024 2201 2103 praemiserato,

1197 2124 1294 2179 11.
1339 2118 1803 2179 Massiliensium
1842 2118 2093 2193 factum,
2128 2101 2267 2181 cum
2306 2130 2371 2180 et
2410 2136 2519 2201 per
2554 2138 2621 2179 se
2659 2118 3031 2180 luculentum

1111 2224 1288 2286 esset,
1337 2223 1402 2275 et
1451 2236 1634 2297 prope
1678 2224 1903 2277 certam
1946 2238 2113 2298 spem
2158 2217 2407 2289 faceret,
2448 2218 2509 2279 in
2558 2215 2877 2298 Hispaniis
2920 2236 3031 2297 pro

1111 2310 1412 2395 ‘Pompeio
1467 2333 1594 2374 esse
1649 2314 1871 2385 omnia,
1916 2316 2083 2395 quia,
2128 2316 2181 2375 si
2220 2334 2391 2376 secus
2426 2322 2604 2385 esset,
2656 2314 2925 2375 homines
2968 2322 3033 2374 et

1112 2409 1294 2472 vicini
1321 2418 1386 2471 et
1411 2409 1731 2489 diligentes
1768 2411 1963 2471 miuus
1990 2412 2173 2473 animi
2208 2410 2467 2471 habituri
2488 2409 2881 2478 videbantun
2930 2408 3027 2471 M.

1111 2502 1350 2579 Cicero,
1377 2518 1512 2589 post
1538 2506 1777 2587 longam
1804 2516 1869 2567 et
1890 2508 2212 2589 ancipitem
2237 2507 2697 2577 dubitationem,
2726 2506 2803 2567 ad
2832 2504 3029 2573 Pom-

1111 2603 1314 2683 peium
1353 2605 1773 2684 abnavigavit:
1824 2606 2073 2685 ejusque
2116 2605 2461 2686 exemplum
2506 2604 2611 2665 alii
2646 2602 2895 2683 quidam
2934 2624 3031 2665 se-

1111 2708 1370 2773 natores,
1396 2704 1502 2783 qui
1527 2701 1793 2764 nondum
1818 2711 2199 2765 excesserant
2222 2701 2437 2774 Italia,
2456 2701 2643 2763 secuti
2668 2709 2825 2761 sunt.
2896 2700 3031 2763 Ita·

1111 2808 1230 2879 qu‘e
1279 2800 1377 2859 his
1423 2797 1506 2862 ad
1551 2818 1657 2861 eos
1702 2798 2007 2879 adjunctis
2046 2800 2153 2881 qui
2202 2808 2345 2861 ante
2390 2799 2731 2877 transgressi
2770 2796 3029 2869 fuerant,

1109 2898 1302 2975 major
1341 2897 1400 2957 in
1435 2898 1648 2959 casn-is
1683 2896 1987 2978 Pompeii,
2014 2917 2199 2978 quam
2230 2898 2293 2957 in
2337 2896 2509 2957 Urbe
2534 2894 2765 2977 species
2786 2906 3035 2957 senatu

1108 3002 1277 3062 erat:
1322 3001 1386 3054 et
1418 2994 1592 3072 quasi
1621 2992 1701 3055 de
1736 2995 2028 3055 sententia
2062 3004 2299 3075 patrum
2322 2993 2513 3055 multa
2532 2992 3031 3055 decernebantur.

1111 3090 1384 3157 Quorum
1425 3090 1578 3151 illud
1616 3090 1938 3171 plurimum
1974 3090 2197 3153 favoris
2230 3091 2515 3171 adjunxit
2552 3091 2840 3172 partibus,
2864 3092 3032 3171 qnod

1111 3185 1408 3249 Catonem
1443 3188 1659 3259 secuti,
1698 3196 1717 3223 ‘
1738 3188 1933 3249 civem
1973 3185 2321 3249 Romanum
2362 3196 2755 3269 praeterquam
2796 3188 2857 3247 in
2898 3190 3030 3251 acie

1109 3284 1405 3345 neminem
1429 3284 1664 3354 occidi:
1712 3304 1905 3365 neque
1928 3285 2219 3368 oppidum
2244 3284 2433 3345 ullum
2456 3283 2617 3364 quod
2644 3284 2869 3366 populo
2894 3286 3033 3349 Ro-

1110 3398 1288 3445 mano
1313 3390 1592 3462 pacatum
1611 3390 1768 3443 esset
1784 3380 1961 3463 diripi
1978 3382 2241 3455 debere‚’
2264 3391 2604 3444 sanxerant.
2672 3382 3033 3447 Ciceronem

1110 3488 1310 3541 tamen
1343 3479 1502 3540 clam
1527 3481 1877 3561 corripuisse
1903 3481 2063 3543 Cato
2082 3480 2323 3553 dicitur,
2352 3490 2372 3517 ⁶
2398 3478 2559 3562 quod
2586 3489 2801 3561 proeter
2824 3502 3033 3544 neces-

1107 3578 1344 3637 sitatem
1371 3577 1432 3637 in
1457 3587 1655 3637 castra
1678 3578 1956 3650 venisset,
1984 3578 2120 3659 plus
2150 3578 2485 3659 profuturus
2510 3578 2743 3659 patrioe,
2766 3578 2817 3637 si
2842 3580 3033 3641 medi-

1111 3694 1212 3735 um
1243 3694 1308 3735 se
1333 3674 1626 3753 gessisset,
1654 3673 1933 3735 idoneum
1956 3675 2399 3739 conciliatorem
2422 3675 2715 3736 habituris
2736 3676 3030 3757 partibus,

1109 3770 1606 3851 quandocumque
1647 3770 1841 3832 redire
1882 3771 1959 3832 ad
1998 3773 2311 3833 sanitatem
2346 3771 2704 3853 coepinsene’

1191 3874 1292 3929 12.
1336 3866 1508 3929 Inter
1547 3868 1676 3929 baec
1717 3867 1798 3929 0.
1842 3868 2088 3942 Fabius,
2130 3868 2405 3931 adbibita
2448 3864 2779 3939 celeritate,
2826 3870 3031 3949 presi·

989 4004 996 4010 -
1107 3964 1272 4025 dium
1311 3964 1382 4025 L.
1410 3964 1657 4026 Afranii
1692 3985 1771 4025 ex
1811 3965 2111 4048 Pyrenaeo
2144 3966 2301 4027 saltu
2324 3966 2651 4047 dejecerat,
2678 3966 3028 4047 magnisque

1107 4062 1418 4123 itineribus
1441 4060 1520 4123 ad
1549 4064 1874 4124 exercitum
1904 4061 2149 4123 Afranii
2174 4061 2594 4124 contendebat.
2678 4060 2803 4121 Sed
2838 4063 3029 4125 Afa-

1107 4159 1242 4219 nius
1273 4159 1578 4239 ceterique
1615 4155 1801 4237 legati
1838 4157 2100 4221 adventu
2128 4158 2393 4219 Vibullii
2424 4155 2599 4229 Rufi,
2625 4158 2729 4238 qui
2767 4156 2967 4219 suerat
2990 4178 3029 4221 a

1108 4255 1409 4336 Pompeio
1459 4256 1689 4329 missus,
1738 4258 1825 4317 ita
1873 4267 2348 4338 composuerant,
2392 4264 2412 4293 ⁶
2443 4264 2511 4317 ut
2555 4255 2839 4317 Petreius
2884 4276 3026 4318 cum

1106 4352 1380 4413 omnibus
1417 4353 1605 4433 copiis
1643 4351 1725 4413 ad
1762 4350 2083 4413 Afranium
2125 4351 2611 4434 proficisceretur,
2649 4351 2849 4413 Varro
2888 4372 3025 4415 cum

1105 4447 1341 4508 duabus
1395 4448 1729 4533 legionibus
1784 4447 2145 4531 Hispaniam
2194 4448 2529 4511 ulteriorem
2578 4468 2814 4511 omnem
2866 4451 3023 4511 obti-
