3300 5234
863 567 1073 620 mum
1120 568 1269 618 cvr.
1314 567 1969 620 sarnanum-uu.
2155 643 2160 650 .
2341 548 2520 622 ⁶⁰85

280 711 567 791 conjecit,
610 709 705 774 M.
744 709 997 774 Catonis
1034 713 1277 776 unicum
1312 711 1752 787 admiratorem,
1787 721 1852 776 et
1883 714 2016 794 ejus
2049 729 2190 774 con·
2215 718 2354 772 Plat-
2375 719 2490 774 cat.

281 809 827 876 tentissimo,studio
853 808 1202 872 aedilitatem
1228 809 1530 892 adeptum.

362 911 467 966 26.
510 905 681 967 Inter
718 906 849 971 hoee
886 915 1219 968 moventem
1258 926 1338 967 ex
1379 906 1661 988 hybernis
1685 905 1964 971 ernanum
2006 905 2191 985 legati
2216 917 2334 969 mo.

282 1003 437 1080 regis
492 1001 712 1064 Orodis
764 1003 1052 1076 adierant,
1107 1023 1243 1064 cum
1293 1003 1387 1064 his
1432 1003 1765 1076 mandatis:
1809 1013 1827 1040 ‘
1845 1004 1898 1064 si
1949 1003 2191 1084 quidem
2216 985 2351 1036 ΡΜ·
2381 983 2522 1034 0¹⁸⁸·

272 1103 445 1179 jussu
483 1109 723 1162 senatus
760 1100 1085 1183 populique
1126 1101 1393 1162 Romani
1428 1119 1595 1162 arma
1618 1099 1934 1173 intulisset,
1959 1099 2190 1164 nullum

280 1195 463 1260 finem
486 1197 651 1260 bello
676 1199 785 1260 nisi
813 1199 1205 1262 internecione
1244 1198 1429 1280 partis
1468 1197 1809 1262 alterutrius
1849 1197 1995 1258 fore.
2080 1195 2190 1258 Sin

280 1316 423 1380 rero
448 1297 687 1378 privato
708 1297 954 1358 consilio
982 1295 1231 1358 Crassus
1254 1315 1331 1358 ea
1352 1295 1611 1369 fecisset,
1636 1295 1896 1360 misereri
1916 1302 2189 1358 senectu-

280 1395 357 1454 tis
394 1396 548 1474 ejus.
633 1393 926 1474 Mag-num
966 1393 1225 1474 Regem,
1260 1402 1325 1456 et
1362 1413 1767 1476 percuoeorum
1811 1412 1949 1456 cum
1991 1390 2187 1474 Sylla,
2215 1397 2519 1454 monnau.

282 1491 563 1566 Lucullo,
590 1493 1005 1575 Pompeioque
1028 1492 1313 1556 i'oederum
1337 1511 1677 1564 memorem,
1705 1490 1924 1554 milites
1957 1489 2189 1552 Roma-
2213 1465 2353 1582 3122·
2362 1470 2520 1584 330·

282 1607 411 1662 nos,
436 1590 542 1672 qui
581 1591 778 1672 potius
808 1591 873 1651 in
904 1591 1259 1674 captivitate
1288 1591 1414 1652 sint
1454 1587 1618 1674 apud
1667 1587 2190 1672 Mesopotamiam,

283 1687 551 1768 quanin
576 1688 873 1768 praesidio,
892 1688 1304 1752 remissurum?
1385 1686 1635 1749 Crassus
1659 1685 1740 1748 ad
1764 1685 1895 1748 haec
1936 1693 1954 1722 ⁴
1977 1683 2189 1750 Seleu·

281 1783 395 1844 ciae
430 1803 497 1844 se
534 1805 941 1866 responsurum
980 1805 1107 1848 esse
1122 1787 1141 1815 '
1179 1805 1319 1846 cum
1352 1785 1600 1856 diceret,
1626 1781 1886 1846 arridens
1909 1780 2189 1862 Vagises‚
2216 1793 2360 1872 οἵω.
2379 1793 2518 1848 Plut.

282 1880 333 1940 is
356 1879 685 1962 legatorum
726 1892 854 1943 erat
888 1889 1065 1944 aetate
1088 1883 1406 1954 maximus,
1429 1881 1750 1960 volamque
1781 1871 2032 1940 sinisttae
2065 1897 2192 1941 ma-
2213 1858 2334 1912 ¹²¹⁰·

282 1997 395 2038 nus
426 1979 761 2059 percutiens
790 1977 1030 2051 dextra,
1073 1987 1091 2016 ⁴
1115 1978 1300 2040 Prius
1328 1979 1472 2050 hic,’
1510 1978 1728 2057 inquit,
1769 1985 1790 2014 ⁶
1813 1976 1922 2062 pili
1947 1995 2194 2038 nascen—
2253 2041 2261 2056 ι

280 2083 399 2147 tur,
428 2075 662 2148 Crasse,
688 2095 870 2156 quam
894 2085 963 2137 tu
988 2075 1325 2137 Seleuciam
1352 2075 1603 2138 videas?

286 2219 293 2227 .
360 2178 465 2236 27.
510 2171 673 2233 Haec
710 2174 814 2233 ubi
854 2173 1189 2234 renuntiata
1227 2172 1465 2235 Partho
1502 2159 1678 2247 sunts
1702 2171 1996 2233 Surenam
2035 2189 2187 2252 prae-
2213 2199 2346 2253 pm·

279 2267 503 2329 fectum
528 2268 605 2328 ad
630 2269 997 2350 recipiendas
1029 2269 1489 2350 Mesopotamia
1514 2271 1794 2334 civitates
1816 2269 2016 2339 misit:
2061 2268 2186 2350 ipse

280 2365 341 2425 in
370 2365 723 2426 Armeniam
746 2369 919 2446 signa
943 2365 1236 2439 illaturus,
1256 2387 1333 2427 ne
1357 2365 1635 2450 Tigranis
1659 2365 1822 2428 filius
1846 2366 2187 2426 Artabazes
2215 2387 2336 2438 mo,

280 2461 361 2524 ad
398 2482 576 2544 opem
612 2463 907 2524 Romanis
936 2463 1243 2530 ferendam
1274 2485 1501 2526 vacuus
1542 2474 1718 2525 esset.
1805 2462 1875 2524 Is
1905 2464 2064 2524 enim
2105 2462 2186 2525 ad
2207 2453 2344 2504 Plut.

281 2559 569 2620 Crassum
600 2581 739 2622 cum
772 2581 877 2622 sex
914 2563 1182 2642 equitum
1218 2561 1481 2624 millibus
1516 2569 1784 2633 venerat,
1823 2560 1948 2621 alia
1977 2559 2186 2622 decem

278 2656 471 2718 millia
492 2657 1009 2740 cataphractorum
1028 2660 1316 2740 equitum,
1336 2668 1401 2720 et
1418 2658 1660 2738 triginta
1682 2656 1950 2742 peditum
1973 2655 2188 2729 millia,

277 2754 755 2836 stipendiumque
780 2755 845 2816 in
867 2755 977 2816 has
1000 2757 1206 2837 copias
1230 2755 1551 2839 pollicitus.

358 2857 466 2912 28.
511 2850 675 2912 Haec
708 2873 803 2912 res
839 2851 1087 2914 mirifice
1118 2854 1407 2916 excitavit
1445 2852 1746 2926 Crassum,
1783 2861 1990 2934 sponte
2027 2850 2190 2912 festi·-
2253 2891 2264 2906 .

282 2957 547 3021 nantem,
574 2957 639 3010 et
655 2948 889 3010 diversa
906 2949 1293 3012 suadentibus
1318 2952 1606 3032 iniquum.
1671 2949 1857 3019 Quod
1879 2951 2036 3011 enim
2055 2949 2192 3030 qui-

280 3042 423 3104 dam
448 3064 528 3105 ex
558 3045 999 3129 Mesopotamia
1022 3047 1243 3108 milites
1276 3067 1383 3129 per
1416 3067 1635 3128 magna
1663 3047 1928 3129 pericula
1949 3045 2191 3117 reversi,

280 3141 405 3201 vim
430 3142 796 3205 Parthorum
835 3145 1069 3225 experti
1106 3145 1481 3217 nuntiabant,
1516 3145 2030 3224 cataphractorum
2065 3161 2193 3202 om·-

282 3240 385 3299 nia
447 3249 918 3322 perrumpentem
964 3241 1205 3316 molem,
1258 3242 1409 3304 levis
1464 3243 1771 3322 equitatus
1821 3239 2192 3301 inevitabilia

282 3337 429 3408 tela,
454 3337 791 3418 inopinatos
807 3347 1217 3418 superventus,
1237 3347 1303 3400 et
1314 3340 1715 3400 nocentiorem
1735 3335 1942 3419 praelio
1961 3335 2188 3415 fugam,

284 3431 453 3493 nulla
474 3434 734 3496 humana
758 3455 871 3517 ope
902 3435 1209 3506 sustineri3
1254 3435 1499 3516 quidam
1534 3436 1904 3496 tribunorum
1939 3432 2189 3515 proefec-

282 3539 617 3614 torumque,
664 3541 727 3593 et
762 3553 901 3593 cum
942 3532 1036 3594 his
1076 3531 1153 3594 C.
1198 3532 1445 3594 Cassius
1486 3531 1790 3612 Longinus
1825 3540 2104 3611 quaestor,
2131 3523 2192 3591 is

282 3629 389 3708 qui
414 3648 636 3710 paucos
660 3638 795 3712 post
820 3643 1029 3702 annos,
1054 3630 1253 3690 occiso
1281 3628 1545 3701 Caesare,
1580 3647 1881 3708 magnam,
1915 3629 2023 3690 sed
2063 3647 2192 3706 am·

284 3725 529 3804 big-uam
543 3727 573 3760 ⁴
604 3725 825 3786 famam
862 3735 1073 3788 nactus
1104 3735 1217 3799 est,
1244 3726 1323 3787 de
1352 3727 1583 3806 integro
1605 3724 2076 3787 ,consultandum
2111 3724 2190 3784 de

286 3824 672 3902 praesentibus
706 3823 1045 3884 censebant.
1128 3821 1299 3884 Nam
1332 3823 1660 3884 exercitum
1694 3820 1786 3882 his
1823 3821 2193 3882 sermonibus

284 3918 533 4002 percelli
573 3921 1162 3982 animadverterant:
1224 3929 1287 3982 et
1328 3920 1671 4002 haruspices
1717 3937 1948 4000 semper
1998 3918 2192 3978 tristia

282 4025 434 4077 eata
468 4017 839 4077 nuntiabant.
924 4015 1049 4078 Sed
1084 4017 1403 4078 festinabat
1436 4016 1515 4077 ad
1552 4015 1850 4076 interitum
1895 4009 2186 4074 Crassust

287 4111 717 4194 repudiatoque
745 4113 1073 4174 Artabazis
1106 4113 1376 4186 consilio,
1402 4113 1507 4193 qui
1541 4132 1648 4195 per
1673 4111 1980 4172 Armeniae
2003 4109 2191 4172 colles

288 4209 505 4270 ducere
520 4213 801 4289 jusserat,
828 4211 1161 4272 necessaria
1195 4232 1275 4272 ex
1315 4230 1494 4291 regno
1520 4229 1627 4270 suo
1653 4207 1882 4270 affatim
1907 4207 2187 4290 praebitu-

286 4323 403 4381 rus,
432 4307 493 4366 in
522 4305 1023 4389 Mesopotamiam
1047 4307 1243 4372 duxit.

706 4495 739 4542 4
772 4489 837 4544 In
859 4491 982 4544 edd.
1005 4497 1129 4544 ante
1146 4491 1301 4543 Crev.
1322 4489 1511 4556 legitur
1531 4488 1796 4556 ιιιείφισπι.
