3300 5234
917 455 1129 508 mum
1177 457 1343 508 0111.
1387 454 2040 508 soranum-Pron.

346 598 529 670 Isium,
567 596 1056 674 Aurelianorum,
1083 601 1475 677 Parisiorum,
1515 597 1880 677 Meldorum,
1905 619 2056 684 quos
2093 597 2270 663 bodie

362 691 747 757 Meausenses
778 699 1175 778 pronuntiant.
2250 721 2260 728 ·

434 798 578 852 143.
622 793 881 876 Alpium
908 794 1351 856 Maritimamm
1376 793 1668 867 civitates,
1695 795 1930 857 obscuri
1955 794 2135 856 hodie
2161 815 2264 856 no·

358 887 553 960 minis,
622 888 1176 970 Rigomagensium,
1232 890 1697 964 Solliniensium,
1759 890 2268 953 Cemelenensium

356 982 713 1046 referuntur:
746 986 999 1048 notiores
1022 995 1330 1069 praeterea,
1358 986 1874 1048 Ebrodunensium
1899 987 2266 1070 metropolin,

212 1074 229 1091 ‘
358 1081 771 1156 (Ambrunum
845 1082 1023 1144 bodie
1092 1091 1333 1156 vocant,
1392 1083 1956 1166 archiepiscopalem
2027 1085 2263 1164 urbem)

358 1173 759 1252 Diniensium,
826 1179 1277 1251 saniciensium,
1354 1177 1571 1260 (Senes
1659 1179 1973 1262 appellant
2055 1179 2263 1260 vulgo)

356 1270 765 1350 Glanatenna,
816 1285 881 1337 et
924 1276 1377 1352 Venciensium,
1428 1277 1534 1360 qui
1577 1275 1645 1340 S.
1683 1277 1873 1339 Pauli
1912 1277 2267 1339 Venciensis

352 1372 731 1455 episcopatus
772 1395 933 1448 nunc
977 1384 1309 1456 usurpatur.
1391 1375 1488 1436 At
1532 1376 1595 1436 in
1646 1375 1944 1437 Penninis
1985 1374 2263 1436 Graiisve

352 1464 645 1550 Alpibus,
678 1471 786 1532 ubi
813 1480 953 1532 sunt
974 1471 1379 1552 Allobrogum
1408 1471 1697 1544 Sabaudi,
1739 1480 1802 1533 et
1840 1471 2262 1534 Helvetiorum

352 1565 670 1647 particula,
710 1568 1050 1650 metropolis
1075 1567 1462 1640 Ceutronum,
1503 1567 1568 1628 id
1606 1577 1721 1640 est,
1758 1567 2137 1642 Tarantasia,
2168 1566 2260 1628 lo-

350 1672 539 1736 catur,
566 1673 632 1724 et
654 1673 869 1746 praeter
886 1667 1043 1728 banc
1063 1664 1443 1727 Vallensium
1460 1666 1676 1728 civitas
1695 1666 2056 1740 Octodurus,
2081 1665 2260 1728 hodie

352 1758 419 1821 S.
449 1760 735 1822 Mauricii
760 1764 997 1824 nomine
1022 1763 1233 1824 notior.

428 1866 575 1920 144.
620 1858 901 1921 Maxima
926 1858 1356 1940 Sequanorum,
1381 1859 1794 1942 Burgundiam
1821 1859 2258 1944 Helvetiosque

348 1955 689 2038 complexa,
722 1956 1183 2039 Crispolinorum
1222 1958 1531 2018 civitatem
1566 1959 1927 2038 agnoscebat
1963 1967 2258 2042 metropo-

349 2051 453 2126 lin,
485 2073 625 2134 quae
649 2052 947 2133 Vesuntio
980 2063 1093 2126 est,
1120 2054 1246 2128 vel,
1274 2063 1342 2114 ut
1374 2055 1553 2114 hodie
1594 2053 1999 2136 pronuntiant,
2027 2055 2258 2132 Besan-

348 2151 615 2211 sonensis
638 2151 1195 2233 archiepiscopatus.
1280 2148 1457 2212 Huic
1486 2151 1760 2213 civitates
1792 2159 1929 2212 octo
1951 2151 2257 2224 suberant,

350 2245 755 2328 Equestrium,
797 2247 862 2308 id
902 2255 994 2308 est
1047 2246 1481 2309 Noviodunum
1530 2246 1611 2309 ad
1655 2247 1856 2310 lacum
1909 2245 2257 2322 Lemanum,

348 2363 481 2424 quoe
506 2341 826 2406 Genevam
852 2354 919 2406 et
944 2343 1319 2405 Lausannam
1345 2345 1718 2424 interjacens,
1747 2343 1925 2404 hodie
1952 2342 2123 2405 Nion
2149 2363 2256 2426 ap-

345 2439 608 2520 pellatur
635 2461 653 2502 ε
696 2440 1065 2514 Elvicorum,
1086 2441 1149 2502 id
1175 2449 1269 2502 est
1286 2441 1679 2514 Aventicum,
1707 2461 1863 2501 nunc
1888 2440 2256 2503 Avanchesz

348 2536 793 2611 Basiliensium,
848 2538 1125 2602 Castrum
1178 2538 1601 2613 viridunense,
1649 2539 1930 2600 Castrum
1974 2539 2257 2601 Ebrodu-

344 2655 548 2708 nense,
578 2636 859 2697 Castrum
884 2636 1369 2716 Argentariense,
1406 2639 1579 2717 cujus
1610 2656 1693 2698 ex
1727 2637 1910 2698 ruinis
1949 2634 2258 2698 Colman-ia

344 2733 663 2794 surrexisse
704 2743 983 2816 putatur:
1030 2734 1312 2795 Castrum
1344 2733 1756 2806 Rauracense,
1785 2735 1998 2797 ceteris
2018 2733 2259 2816 oppidis

344 2837 471 2890 tum
488 2829 799 2903 illustrius,
825 2831 1001 2892 hodie
1028 2850 1241 2893 nomen
1267 2829 1635 2910 Augustum,
1657 2829 1762 2892 sed
1785 2831 1912 2892 sine
1937 2831 2134 2912 specie
2157 2852 2253 2892 re-

343 2927 559 3000 tinens,
597 2948 779 3010 prope
808 2929 1135 3001 Basileam,
1162 2929 1223 2988 in
1256 2949 1437 3010 quam
1463 2928 1801 2990 vetustioris
1823 2937 1888 2989 et
1907 2928 2167 3007 dignitas
2191 2937 2254 2990 et

216 3019 236 3030 ’
342 3023 669 3106 appellatio
694 3025 981 3086 translata
999 3024 1236 3087 videtur
1258 3025 1369 3086 sub
1398 3023 1633 3088 Graecis
1659 3025 2148 3108 imperatoribus:
2189 3031 2254 3084 et

342 3128 549 3201 portus
584 3119 891 3184 Abuciua.
977 3121 1075 3184 Hi
1112 3120 1441 3202 Belgarum
1481 3121 1908 3202 Celtarumque
1933 3120 2252 3183 nobiliores

338 3217 551 3298 populi
575 3217 827 3279 fuerunt.

2417 437 2594 506 ⁵007

420 3320 567 3377 145.
609 3312 1011 3396 Aquitaniam
1052 3315 1133 3400 ad·
1170 3335 1331 3376 mare
1362 3315 1563 3388 sitam,
1602 3333 1795 3394 eoque
1826 3320 2060 3376 vetusta
2083 3312 2247 3374 inco·
2271 3329 2573 3386 Planum,

336 3407 529 3470 larum
555 3411 759 3491 lingua
782 3411 1149 3494 appellatam
1168 3411 1627 3482 Aremoricam,¹
1644 3430 1904 3471 oceanus
1928 3410 2008 3471 ab
2032 3429 2248 3471 occasu

336 3507 606 3570 claudit:
648 3508 889 3570 boreale
914 3508 1073 3570 latus
1112 3517 1423 3589 ortumque
1462 3505 1605 3567 solis
1640 3506 1868 3585 Ligeris
1893 3504 2106 3567 fluvius
2131 3501 2247 3568 ter-¹

335 3606 566 3666 minat:
608 3624 647 3665 a
670 3605 915 3666 meridie
941 3605 1256 3686 Pyrenaeis
1269 3603 1566 3664 montibus
1588 3610 1653 3663 et
1675 3600 2060 3663 Narbonensi
2091 3601 2246 3663 Gal-

334 3701 423 3762 lia
448 3700 669 3762 finitur.
754 3699 904 3762 Hoc
943 3701 1198 3782 spatium
1240 3707 1524 3760 terrarum
1556 3697 1868 3759 Garumna.
1892 3696 2125 3770 fluvius,
2165 3718 2244 3759 ex

334 3798 639 3880 Pyrenaeo
658 3807 857 3858 monte
870 3797 1173 3878 delapsus,
1195 3797 1257 3856 iu
1280 3795 1429 3857 duas
1444 3795 1778 3877 provincias
1791 3802 1974 3856 secat.
2016 3793 2245 3854 Primae

337 3904 525 3977 caput
552 3895 893 3974 Biturigum
936 3893 1241 3955 Cuborum
1281 3894 1495 3955 civitas
1538 3901 1649 3965 est,
1690 3911 1848 3952 nunc
1886 3889 2247 3970 Bourgensis

332 3993 875 4074 archiepiscopatus
897 4011 915 4052 ι
958 4009 1297 4072 quanquam
1319 3989 1622 4087 Biturigas
1638 3986 2020 4068 Lugdunensi
2039 3987 2243 4068 primae

395 4219 419 4244 ¹
450 4207 802 4272 Areum-ioan]
849 4207 1033 4267 Celtae,
1084 4213 1149 4259 ut
1196 4214 1255 4259 et
1324 4205 1517 4259 cellar.
1536 4206 1734 4274 Geogr.
1755 4203 1881 4258 Aut.
1895 4205 1934 4257 l.
1956 4219 2019 4257 ιι.
2041 4217 2090 4258 c.
2113 4207 2164 4256 2.
2193 4219 2249 4270 p.

319 4273 1255 4407 ἓὶῗᾞῗῗὲῗξῧῗξίἒῖῗῒὲἳὶἱῖἑί
1326 4277 1439 4324 ¹⁰⁵·
1478 4274 1619 4326 ω’·
