3300 5234
699 503 878 573 5416
1649 521 1722 572 τ.
1772 521 1963 571 mvn

701 675 819 725 Dio.
1101 665 1204 723 27.
1247 659 1369 722 Sed
1395 660 1542 742 quia
1565 659 1827 722 nondum
1852 669 1979 721 erat
2006 659 2416 742 tempestivum
2442 661 2573 721 haec
2598 657 2931 738 intelligere

699 773 917 840 Appia.
1024 756 1249 828 videri3
1292 759 1474 820 etiam
1503 757 1737 830 Hirtio,
1764 767 1833 819 ut
1856 779 1895 819 a
1918 767 2123 820 senatu
2158 757 2317 818 clam
2342 757 2687 818 mandatum
2714 757 2930 832 fuerat,

1021 853 1174 914 duas
1205 857 1472 936 poscenti
1511 855 1794 936 legiones,
1836 865 2109 936 quartam
2148 863 2211 916 et
2246 855 2554 928 Martiam,
2594 855 2758 936 quod
2798 865 2933 915 erat

733 973 842 1023 cic.
869 973 931 1022 „d
1023 951 1248 1012 roboris
1271 953 1332 1012 in
1355 955 1646 1024 exercitu,
1672 953 1999 1012 concessit}
2040 961 2103 1012 et
2130 950 2339 1012 Hirtio
2367 952 2671 1013 Claternae
2708 951 2949 1032 hybera·

697 1037 998 1152 gfff-¹¹¹5·
1021 1057 1253 1122 nature,
1287 1049 1480 1110 forum
1507 1049 1774 1110 Cornelii
1800 1050 2120 1131 profectus,
2158 1049 2429 1130 quotidie
2462 1060 2526 1110 et
2554 1047 2831 1127 legenda,
2870 1055 2930 1108 et

731 1137 932 1218 Sueton.
1019 1145 1354 1220 scribendo,
1394 1155 1458 1206 et
1487 1145 1884 1208 declamando
1914 1167 1979 1206 se
2012 1147 2317 1216 exercuitg
2361 1165 2579 1225 gnarus
2612 1146 2674 1204 in
2698 1163 2931 1206 summa

693 1233 828 1300 Aug.
849 1237 932 1284 84.
1021 1241 1312 1321 dig-nitate
1355 1243 1683 1328 potentiam
1720 1244 2011 1304 munitam
2050 1245 2251 1314 armis,
2278 1241 2559 1303 facundia
2582 1239 2929 1303 destitutam

1020 1348 1085 1400 et
1105 1339 1381 1400 civilibus
1425 1340 1673 1410 artibus,
1712 1340 1899 1400 metui
1940 1359 2121 1422 quam
2158 1339 2365 1412 amari,
2390 1348 2455 1400 et
2492 1341 2711 1398 terrere
2746 1355 2928 1418 quam

1019 1455 1229 1515 rogare
1263 1437 1554 1517 aptiorem
1590 1455 1738 1496 esse.

695 1547 812 1596 Dio.
1101 1539 1202 1594 28.
1246 1533 1490 1594 Interea
1527 1541 1590 1592 et
1633 1529 1864 1612 legatus
1900 1531 2079 1593 Bruti
2114 1533 2374 1593 Pontius
2410 1532 2667 1614 Aquila,
2693 1533 2799 1612 qui
2824 1531 2929 1592 tri-

695 1613 936 1726 gffffm·
949 1682 1002 1725 et
1019 1629 1214 1689 bunus
1249 1629 1444 1711 plebis
1483 1629 1819 1690 offenderat
1844 1627 2168 1700 caesarem,
2194 1629 2413 1690 deinde
2438 1630 2590 1690 inter
2624 1649 2929 1710 percuso-

695 1747 780 1792 41.
1017 1746 1111 1786 res
1151 1727 1284 1806 ejus
1322 1726 1538 1798 fuerat,
1580 1727 1657 1786 Τ.
1702 1727 2047 1786 Munatium
2092 1726 2393 1788 Plancum
2432 1726 2667 1807 aliquot
2705 1727 2932 1808 praeliis

696 1807 836 1920 ἐξ·
863 1805 992 1919 ξ’ἒῑῦ·
1015 1823 1260 1896 vietum,
1290 1822 1623 1894 Pollentia,
1658 1824 1843 1883 etiam
1880 1843 2051 1884 crure
2084 1821 2301 1896 fracto,
2338 1823 2593 1906 expulit.
2676 1823 2763 1884 Et
2798 1824 2929 1904 ipse

697 1906 927 1987 xmfu,
1019 1918 1246 1979 Brutus
1293 1919 1550 1980 senatori
1597 1918 1862 1990 cuidam,
1902 1921 2010 2001 qui
2051 1919 2393 2001 profugerat
2437 1917 2515 1980 ad
2562 1917 2925 1992 Antonium,

691 2000 811 2050 Dio.
1015 2013 1446 2096 supellectilem
1489 2035 1667 2096 quam
1712 2015 1817 2103 ille
1862 2015 2117 2076 Mutinae
2150 2016 2475 2096 reliquerat
2511 2015 2824 2088 mittend0,
2864 2017 2927 2075 in

1014 2121 1249 2173 tantum
1297 2113 1632 2174 celebratus
1674 2124 1787 2186 est,
1840 2122 1910 2174 ut
1958 2121 2023 2174 et
2070 2111 2403 2194 complures
2450 2113 2749 2184 civitates,
2788 2133 2927 2194 qnae

1013 2211 1308 2292 superiore
1335 2231 1493 2271 anno
1515 2211 1932 2290 largitionibus
1954 2211 2547 2291 concessionibusque
2586 2211 2925 2292 privilegio-

1013 2327 1144 2368 rum
1167 2317 1338 2369 erant
1357 2308 1642 2387 obligatae
1667 2308 1967 2382 Antonio,
1994 2329 2031 2369 a
2056 2309 2322 2390 partibus
2346 2311 2480 2390 ejus
2504 2307 2924 2380 alienarentur,

955 2389 958 2396 ¹
1011 2413 1078 2464 et
1112 2405 1408 2466 exereitus
1431 2403 1602 2465 fieret
1625 2406 1877 2482 segnior.
1960 2403 2157 2484 Igitur
2183 2404 2506 2478 Antonius,
2548 2405 2636 2500 ad
2660 2425 2923 2465 corrum-

1013 2497 1239 2580 pendos
1265 2501 1657 2573 Mutinenses,
1682 2522 1917 2562 suornm
1942 2501 2179 2582 aliquos
2202 2502 2261 2562 in
2288 2501 2575 2583 oppidum
2598 2500 2778 2562 misit.
2830 2500 2927 2561 At

1015 2595 1239 2657 Brutus
1275 2599 1390 2658 hoc
1427 2598 1709 2670 sentiens,
1742 2597 1951 2658 dolum
1994 2597 2157 2658 haud
2192 2596 2583 2676 inelegantem
2618 2597 2925 2658 machina-

1012 2701 1130 2766 tus,
1171 2681 1530 2756 convocavit
1561 2714 1765 2754 omnes
1804 2696 2093 2774 cujusque
2136 2693 2301 2756 modi
2335 2694 2622 2765 homines,
2646 2693 2755 2774 qui
2792 2701 2921 2754 tum

1015 2790 1270 2852 Mutina
1311 2791 1650 2870 d'egebant:
1692 2792 2014 2872 paucisque
2053 2791 2251 2852 verbis
2292 2790 2467 2852 factis
2500 2791 2925 2852 demonstravit

1011 2885 1233 2960 locum,
1261 2888 1322 2948 in
1346 2903 1524 2968 quem
1549 2886 1789 2960 milites,
1814 2887 1989 2947 simul
2016 2887 2224 2960 alium,
2258 2888 2321 2947 in
2362 2907 2541 2968 quem
2580 2889 2765 2950 ceteri
2800 2887 2923 2948 dis-

1009 2985 1308 3046 cederent.
1409 2983 1513 3045 Ita
1549 2982 1790 3045 relictos
1833 2986 1895 3045 in
1950 2985 2150 3046 medio
2188 2985 2387 3046 hostes
2421 2983 2603 3046 facile
2650 3005 2921 3068 compre-

1009 3081 1238 3142 hendit.

681 3194 898 3260 Appia.
1090 3187 1193 3241 29.
1234 3179 1331 3240 At
1353 3177 1458 3238 ubi
1482 3174 1970 3238 circumvallatus
1994 3179 2189 3256 urgeri
2215 3177 2375 3238 fame
2400 3179 2601 3259 eoepit,
2635 3178 2841 3240 Caesar
2862 3181 2925 3240 ei

684 3259 806 3314 1³²⁰·
1008 3284 1296 3348 metusne,
1349 3275 1628 3336 Hirtium
1674 3273 1913 3356 impulit
1954 3282 2025 3334 ut
2064 3271 2142 3334 ad
2172 3275 2563 3336 liberandam
2613 3277 2923 3339 obsidione

1011 3371 1312 3433 Mutinam
1336 3391 1458 3431 una
1481 3370 2006 3451 proficiscerentur.
2049 3371 2129 3432 In
2152 3373 2360 3437 itinere
2378 3372 2715 3434 Bononiam
2740 3393 2921 3435 occu-

715 3489 916 3540 Sueten.
1008 3478 1243 3550 parunt,
1267 3489 1403 3550 quae
1431 3468 1753 3550 antiquitus
1770 3469 1831 3528 in
1852 3467 2133 3529 clientela
2150 3468 2549 3532 Antoniorum
2566 3472 2921 3544 constituta,

679 3553 813 3668 ssPss·
839 3559 918 3606 ¹⁷⁰
987 3587 1145 3628 cum
1164 3565 1504 3648 praesidium
1519 3585 1639 3625 non
1666 3565 1937 3638 haberet,
1956 3567 2085 3626 sine
2104 3555 2425 3626 certamine
2444 3568 2679 3649 aperuit
2696 3577 2917 3648 ροηδε.

715 3635 823 3734 (²320
846 3684 980 3737 Phil.
1009 3661 1256 3743 Neque,
1292 3671 1504 3744 praeter
1531 3661 1835 3741 Rhegium
1862 3661 2073 3743 Lepidi
2100 3672 2163 3722 et
2190 3663 2502 3737 Parmam,
2531 3662 2719 3724 ullum
2744 3665 2919 3745 oppi-

677 3755 804 3862 Rg·
825 3753 960 3866 {¹1:²2
1005 3759 1150 3819 dum
1174 3759 1450 3820 Antonio
1501 3767 1827 3840 supererat.
1914 3757 2038 3818 Sed
2084 3768 2214 3820 erat
2258 3760 2311 3819 is
2354 3761 2623 3840 equitatu
2676 3759 2878 3820 firmus
2896 3781 2915 3820 τ

714 3850 821 3928 εἰς’,
841 3853 926 3928 ω’
964 3851 979 3867 ⁰
1006 3877 1185 3938 quem
1210 3857 1450 3917 obviam
1477 3854 1846 3930 venientibus
1872 3875 1911 3914 a
1938 3855 2218 3916 Bononia
2250 3855 2434 3916 misit.
2518 3857 2779 3918 Fiebant
2803 3857 2915 3936 igi-

677 3941 979 4057 {25014‘5-
1005 3963 1103 4015 tur
1141 3955 1444 4034 equestria
1483 3954 1694 4015 crebra
1732 3952 1962 4035 praelia,
1996 3954 2105 4014 sed
2136 3953 2528 4014 vincebantur
2553 3953 2913 4026 Antoniani,

677 4044 894 4140 Appiam.
1005 4071 1346 4132 quanquam
1369 4051 1697 4133 superiores
1720 4071 1999 4112 numero:
2042 4051 2187 4132 quia
2210 4052 2565 4113 torrentibus
2586 4053 2917 4133 interrupta

1005 4148 1284 4228 planities
1310 4149 1703 4210 multitudinis
1734 4169 1904 4211 usum
1938 4149 2263 4211 auferebat.

682 4247 803 4326 Dio.
1087 4253 1188 4308 30.
1231 4246 1338 4308 Ne
1367 4256 1562 4308 tamen
1591 4247 1893 4308 Mutinam
1917 4249 2117 4309 venire
2154 4249 2409 4308 victores
2442 4256 2705 4328 possent,
2734 4245 2909 4308 Scul-

678 4313 980 4429 gfgdu’m‘
1005 4354 1187 4406 tenna
1225 4343 1406 4406 fluvio
1437 4353 1502 4406 et
1537 4345 1825 4428 praesidiis
1850 4345 1927 4406 ad
1960 4365 2097 4406 eum
2137 4345 2393 4405 Antonii
2428 4345 2907 4426 prohibebantur.

1007 4441 1202 4522 Igitur
1241 4450 1326 4515 ut,
1365 4442 1580 4524 quibus
1622 4451 1882 4522 possent,
1918 4442 2132 4515 modis,
2162 4442 2442 4517 Brutum,
2468 4443 2779 4524 pruentia
2802 4441 2907 4502 ho*
