3300 5234
765 530 950 599 5198

771 688 904 737 Plor-
923 687 1058 737 Plut-

771 753 817 801 A
829 753 992 817 ppian.

771 818 894 867 Dio·
924 818 1056 869 Flo?-

773 882 992 949 Appiam

769 1278 889 1329 Dio.

771 1570 899 1619 Caes.

766 1635 901 1683 Plut.
919 1644 975 1685 et

775 1700 986 1767 Appian-

799 2247 983 2298 Lucan.
1013 2266 1063 2301 ν.

764 2316 883 2363 480.

761 2380 980 2445 Appian-

766 2647 896 2699 Caes.

759 2828 980 2896 Appian-

760 3026 890 3079 (ἕως.

789 3225 912 3283 Dio·

759 3289 978 3354 Appian-

803 3370 868 3405 m

756 3391 885 3472 Livs
903 3420 1041 3486 Epit-

1329 510 1567 599 'umu
1613 544 1745 597 ox.
1786 544 2439 601 surrentina-run.

1101 687 1420 770 portendi?
1503 686 1803 756 Quamvis
1842 687 2022 767 igitur
2046 688 2255 769 hyems
2276 696 2480 761 essetf
2502 694 2567 749 et
2586 688 2667 750 ob
2692 696 3015 773 tempoeta-

1101 796 1192 846 tes
1227 786 1486 849 difficilis
1523 788 1809 865 trajectus
1846 796 2212 867 speraretur3
2255 786 2541 847 ordinatis
2568 808 2607 847 a
2628 796 2796 867 tergo
2820 790 3011 848 omni-

1099 884 1232 955 bus,
1263 884 1646 945 Brundisium
1684 884 1939 944 intendit
1970 884 2100 945 iter.
2184 884 2525 945 Exeuntem
2568 894 2885 967 prosecuta
2922 886 3012 945 in-

1099 1000 1245 1059 gens
1267 980 1570 1041 hominum
1595 980 1919 1041 multitudo
1952 1000 2163 1063 pacem
2201 982 2436 1053 orabat,
2461 990 2525 1043 et
2546 1000 2683 1042 eum
2712 981 3011 1062 Pompeio

1097 1076 1350 1138 reditum
1397 1078 1456 1139 in
1501 1079 1791 1158 gratiam:
1835 1078 1979 1137 satis
2022 1076 2177 1137 enim
2224 1079 2572 1160 apparebat,
2619 1080 2673 1139 si
2714 1080 2779 1138 vi
2818 1078 3015 1139 victus

1096 1174 1382 1235 alteruter
1418 1184 1597 1246 esset,
1637 1174 1891 1235 eundem
1930 1174 2190 1235 libertati
2228 1195 2405 1256 quem
2446 1175 2613 1235 bello
2646 1174 2827 1235 finem
2862 1174 3013 1235 fore.

1095 1272 1390 1333 Profecto
1420 1275 1556 1352 jam
1585 1272 1849 1343 Ome,
1887 1272 2054 1353 pueri
2097 1270 2330 1333 ludicra
2362 1292 2567 1353 pugna
2590 1280 3017 1333 concurrerunt

1095 1367 1338 1440 Romae,
1365 1370 1811 1450 superioresque
1840 1370 2167 1431 extiterunt
2200 1370 2303 1451 qui
2340 1368 2715 1429 Julianorum
2754 1370 2871 1430 sibi
2904 1390 3014 1430 no-

1094 1484 1230 1525 men
1259 1466 1616 1527 indiderant.

1173 1570 1278 1625 69.
1315 1564 1655 1645 Postquam
1696 1562 2082 1623 Brundisium
2120 1560 2329 1623 Caesar
2365 1563 2555 1634 venit,
2592 1582 2713 1644 quo
2746 1561 3015 1643 legiones

1095 1659 1434 1729 duodecim,
1471 1668 1535 1721 et
1577 1680 1811 1719 omnem
1860 1660 2191 1740 equitatum
2227 1659 2543 1719 convenire
2572 1660 2858 1739 juoeerat,
2906 1661 3011 1723 vix

1095 1766 1329 1817 tantum
1370 1758 1590 1838 reperit
1634 1755 1900 1829 navium,
1926 1765 1995 1816 ut
2028 1756 2289 1837 quinque
2324 1756 2589 1836 legiones
2624 1758 3013 1838 transportari

1093 1875 1230 1915 cum
1275 1854 1572 1916 sexcentis
1615 1855 1917 1936 equitibus
1960 1861 2218 1935 possent.
2326 1852 2521 1931 Igitur
2564 1873 2675 1935 pro
2720 1855 3011 1914 concione

1091 1952 1360 2012 hortatus
1387 1961 1480 2012 est
1503 1951 1743 2022 milites,
1774 1959 1792 1987 ‘
1812 1958 1883 2011 ut
1906 1970 2082 2030 aequo
2106 1950 2305 2010 animo
2330 1950 2731 2030 relinquerent
2753 1950 3010 2031 impedi-

1091 2057 1291 2108 menta
1323 2068 1454 2121 sua,
1482 2069 1603 2129 quo
1639 2046 1841 2130 plures·
1882 2047 2107 2128 imponi
2150 2055 2543 2128 pugnatorum
2578 2056 2821 2127 possent
2838 2047 2877 2106 :’
2914 2056 3011 2108 at-

1089 2164 1207 2225 que
1258 2145 1398 2226 ipsis
1447 2144 1723 2206 alacriter
1784 2144 2275 2214 acclamantibus,
2324 2144 2452 2203 sine
2504 2163 2671 2203 mora
2720 2142 3011 2224 compleri

1090 2261 1272 2303 naves
1303 2243 1500 2321 jussit.
1587 2241 1873 2302 Ceterum
1898 2240 2095 2302 ventis
2120 2238 2467 2301 reflantibus
2490 2260 2597 2321 per
2622 2238 2857 2321 aliquot
2878 2238 3012 2301 dies

1089 2340 1384 2401 haeserunt
1407 2340 1488 2400 ad
1513 2339 1837 2401 anchoras:
1868 2358 1989 2419 quo
2004 2337 2288 2420 temporis
2306 2337 2623 2401 intervallo
2644 2345 2709 2397 et
2730 2338 3011 2399 consula-

1091 2446 1218 2497 tum
1261 2435 1470 2497 Caesa'r
1507 2437 1640 2496 iniit
1676 2435 2009 2506 Brundisii,
2045 2444 2109 2495 et
2140 2434 2280 2495 aliae
2316 2434 2455 2495 dune
2502 2434 2769 2513 legiones
2802 2455 3011 2515 super-

1089 2535 1432 2595 venerunt!
1533 2532 1779 2614 Septem
1824 2535 2007 2612 igitur
2046 2532 2331 2612 legiones,
2379 2532 2484 2593 sed
2534 2530 3015 2612 infrequentibus

1088 2632 1290 2710 signis,
1317 2631 1664 2712 quia'bellis
1692 2630 1953 2693 Gallicis
1990 2640 2055 2691 et
2094 2630 2277 2710 longo
2310 2630 2391 2690 ab
2432 2628 2741 2711 Hispania
2770 2630 3011 2703 itinere,

1091 2728 1171 2787 ad
1197 2729 1311 2790 hoc
1339 2729 1607 2790 autumni
1633 2729 1929 2809 gravitate
1969 2728 2031 2787 in
2063 2727 2375 2799 Calabria,
2401 2726 2580 2788 valde
2618 2736 2789 2787 erant
2816 2726 3011 2787 demi·

1091 2834 1272 2896 nutae,
1303 2826 1365 2886 in
1393 2846 1578 2887 naves
1615 2825 1915 2886 onerarias
1956 2824 2235 2906 imposuit
2250 2845 2269 2894 3
2312 2824 2597 2895 rostratis,
2622 2842 2875 2905 quarum
2900 2825 3011 2884 ha-

1088 2922 1274 2983 bebat
1325 2924 1490 2984 haud
1542 2943 1823 3002 magnum
1872 2941 2205 2993 numerum,
2256 2921 2335 2982 ad
2388 2920 2727 3001 praesidium
2780 2919 3011 2981 Siciliae

1092 3018 1504 3102 Sardiniaeque
1547 3021 1789 3081 relictis.
1894 3018 2057 3080 Haec
2098 3018 2329 3091 classis,
2374 3038 2513 3080 cum
2554 3017 2744 3103 pridie
2788 3017 3013 3080 Nonas

1090 3114 1414 3177 Januarias
1437 3116 1731 3189 solvisset,
1757 3125 1887 3177 tota
1920 3124 2095 3177 nocte
2134 3124 2377 3197 propter
2411 3114 2729 3176 malaciam
2766 3116 3010 3197 propin·-

1089 3215 1226 3294 quis
1269 3214 1416 3275 locis
1459 3214 1666 3275 haesit:
1714 3222 1949 3296 postero
1972 3213 2073 3275 die
2101 3213 2403 3273 Graeciam
2434 3212 2658 3292 attigit,
2682 3220 3011 3295 tempesta-

1087 3310 1247 3371 tibus
1271 3311 1350 3371 ad
1379 3311 1709 3373 Ceraunios
1741 3312 1949 3373 delata
1986 3319 2237 3383 montes,
2276 3310 2503 3392 ibique,
2530 3310 2785 3371 navibus
2816 3312 3008 3371 omni-

1086 3407 1202 3469 bus
1227 3409 1644 3483 incolumibus,
1672 3410 1891 3471 milites
1916 3410 2213 3491 exposuit.

1157 3625 1179 3653 ¹·
1207 3618 1436 3677 Quamvis
1453 3652 1469 3669 .
1487 3654 1502 3670 .
1521 3621 1685 3687 hyems
1702 3620 1852 3685 emt]
1898 3619 2007 3685 Ap·
2074 3630 2133 3669 se
2143 3615 2341 3671 Julian!
2361 3616 2611 3669 Octobris
2630 3614 2735 3666 diei
2752 3619 2833 3666 15.
2846 3614 3011 3669 Quod

1083 3684 1511 3749 DimumFlorus,
1525 3687 1843 3738 Plutarchus
1854 3686 2008 3736 Pom·
2080 3683 2289 3747 quidem
2311 3684 2507 3745 optime
2524 3681 2767 3745 congruit
2780 3697 2903 3733 cum
2922 3698 3011 3733 ra·

1085 3748 1207 3813 peio
1226 3757 1280 3800 et
1305 3750 1732 3819 Coesare,magno
1752 3765 2009 3802 consensu
2078 3750 2223 3798 tione
2248 3756 2543 3811 temporum
2565 3762 2596 3797 a
2620 3748 2831 3797 Caesare
2854 3756 3010 3798 nota-

1085 3814 1302 3865 tradnnt
1326 3816 1588 3867 cenarem
1611 3820 1753 3869 circs
1776 3819 2011 3867 brumam
2080 3822 2275 3865 torum.
2336 3812 2390 3862 1⁸
2420 3812 2561 3863 enim
2592 3812 2745 3863 Civil.
2769 3824 2857 3863 nr.
2878 3818 3009 3877 post

1084 3880 1368 3931 Brundisio
1390 3882 1622 3934 solvisse.
1683 3882 1789 3933 Sed
1814 3897 1904 3933 eos
1929 3896 2010 3933 ar·
2082 3880 2360 3931 transitum
2416 3892 2565 3928 suum
2600 3876 2683 3927 'in
2738 3878 3007 3929 Gracina

1084 3945 1201 4008 guit
1239 3944 1484 3996 Usserlus
1521 3947 1574 3997 in
1615 3946 1905 3998 Annalibus
1942 3946 2007 3997 ad
2078 3946 2215 4011 ‘jam
2228 3944 2465 4007 hyemem
2486 3941 3016 4007 appropinqu-visa&

1084 4024 1278 4060 annum
1320 4012 1496 4062 mundi
1553 4018 1704 4063 ⁸956.
1756 4013 2009 4076 deceptos
2080 4010 2341 4074 significat
2362 4024 2379 4058 ε
2403 4016 2459 4059 et
2476 4008 2784 4072 paulopost,
2812 4008 3007 4059 ‘Pom-

1086 4088 1201 4127 οπο
1226 4078 1346 4125 anni
1370 4078 1588 4129 Romani
1609 4084 1731 4130 ante
1742 4078 1777 4131 J
1784 4079 2007 4128 ulianam
2118 4077 2253 4125 cium
2278 4075 2381 4123 iter
2408 4088 2473 4123 ex
2496 4072 2811 4123 Macedonia
2834 4073 2887 4123 in
2910 4075 3003 4138 by·

1084 4142 1514 4192 emendationem
1565 4144 1962 4209 perturbatione
1990 4159 2005 4193 ι
2076 4091 2243 4191 berna
2256 4138 2580 4202 Apolloniam
2598 4138 3006 4201 Dyrrhachium·

1084 4206 1346 4270 docetque
1374 4208 1427 4259 N
1431 4222 1556 4258 onas
1587 4209 1883 4269 Januarin,
1904 4224 2007 4273 quo
2079 4220 2179 4273 que
2202 4203 2484 4255 habuisse?
2518 4204 2659 4253 Creo.

1085 4270 1171 4321 die
1195 4271 1372 4322 Coesar
1401 4288 1460 4323 se
1493 4279 1688 4323 terram
1723 4274 2007 4325 Ceraunio—
2148 4270 2179 4302 *
2212 4269 2282 4323 Α.
2305 4268 2374 4321 U.
2400 4270 2463 4322 C.
2486 4271 2604 4319 ⁷0⁴.
2638 4266 2706 4319 A·
2730 4266 2796 4319 C.
2814 4272 2905 4323 48.

1085 4350 1199 4388 rum
1223 4338 1461 4405 attigisse
1482 4340 1689 4405 scribit,
1713 4338 2005 4406 respondis·
2320 4332 2325 4342 '
2646 4338 2651 4345 '
