3300 5234
742 522 923 591 ³808
1711 540 1786 588 τ.
1835 540 2024 589 mvn

1074 682 1321 744 totidem
1350 682 1666 745 efferentes
1685 683 1960 745 consilia.
2043 682 2268 743 Jubem
2303 683 2410 744 alii
2443 681 2680 755 ducem,
2713 682 2822 743 alii
2855 662 2986 745 Οὐ·

779 782 1009 833 Amenda
1074 786 1275 839 tonem
1316 782 1607 862 optabunt
1646 802 1662 841 ε
1717 780 1961 861 quidam
2013 780 2398 840 Uticensibus
2441 778 2640 851 diffisi,
2689 780 2860 861 quod
2901 782 2990 841 ob

746 849 951 967 {juga
1075 875 1426 938 beneficium
1462 876 1814 957 legis'Juliae
1841 877 2040 939 favere
2067 877 2294 938 θωπί
2315 876 2734 948 credebantur,
2759 876 2990 959 oppido

1074 994 1139 1035 se
1164 973 1467 1035 includere
1494 976 1841 1037 renuebant.
1911 975 2070 1036 Cato
2093 994 2232 1035 cum
2261 974 2562 1055 praefectis
2585 994 2762 1053 agere
2783 974 2991 1055 coepit,

1077 1080 1095 1108 ⁸
1119 1070 1539 1154 persuaderent
1563 1073 1888 1153 equitibus,
1911 1072 2021 1132 'uti
2045 1072 2246 1133 valere
2273 1074 2444 1151 jusso
2477 1070 2644 1131 Juba
2671 1071 2898 1131 Catoni
2921 1088 2992 1131 ω

1076 1170 1511 1231 oommitterent
1526 1168 1819 1230 'Romano
1848 1169 2010 1241 duci,
2039 1177 2222 1249 atque
2245 1168 2496 1229 Uticam
2523 1167 2988 1248 ingrederentur,

1076 1266 1503 1327 munitionibus
1552 1276 1766 1339 tutam,
1817 1277 1881 1328 et
1925 1267 2172 1347 provisis
2221 1266 2282 1327 in
2327 1266 2545 1327 multos
2589 1286 2778 1327 annos
2827 1286 2990 1327 com

1078 1362 1412 1423 meatibus.’
1497 1362 1673 1424 Idem
1699 1365 1882 1425 etiam
1919 1372 2222 1425 senatores
2251 1384 2392 1425 cum
2427 1361 2571 1424 fletu
2609 1372 2674 1423 et
2709 1364 2994 1445 precibus

1078 1459 1481 1540 postulabant.

1156 1563 1261 1617 48.
1306 1555 1551 1617 Interes
1593 1556 1690 1618 M.
1735 1555 2024 1631 Rubrius,
2065 1578 2246 1639 quem
2285 1557 2364 1619 ad
2409 1566 2704 1619 trecentos
2747 1559 2996 1619 miserat

1080 1654 1263 1727 Ceto,
1290 1655 1469 1717 rediit
1490 1655 1696 1727 iratus,
1739 1664 1802 1717 et
1841 1655 2032 1717 multa
2057 1656 2134 1716 de
2171 1654 2421 1737 perfidia
2453 1655 2760 1716 hominum
2797 1665 2864 1717 et
2901 1658 2994 1717 ina-

1077 1753 1412 1813 constantis
1436 1772 1708 1832 querens.
1793 1752 2138 1814 Redierunt
2161 1762 2226 1813 et
2249 1752 2514 1835 prefecti
2543 1753 2814 1834 equitum
2854 1772 2994 1814 cum

1076 1848 1375 1911 ferocibus
1398 1850 1720 1922 mandatis,
1761 1860 1779 1888 ‘
1805 1850 2032 1911 nullam
2057 1851 2174 1913 sibi
2195 1852 2540 1913 societatem
2581 1870 2718 1911 cum
2759 1851 2994 1923 leyibus

1078 1954 1145 2005 et
1166 1945 1407 2007 Punica
1433 1945 1694 2028 perfidia,
1731 1946 1966 2008 infectis
2004 1946 2154 2028 fore.
2235 1947 2506 2009 Proinde
2533 1948 2638 2027 qui
2663 1966 2772 2009 sus
2809 1968 2996 2029 opera

1082 2043 1170 2102 uti
1192 2044 1418 2125 cupiat,
1444 2044 1658 2123 ejectis
1698 2053 1804 2105 eut
1838 2043 2164 2106 interfectis
2191 2044 2601 2117 Uticensibus,
2640 2046 2702 2105 in
2736 2064 2994 2107 nouum

1080 2140 1364 2221 oppidum
1390 2160 1453 2201 se
1482 2141 1785 2223 accipiat?
1867 2142 2238 2222 longissime
2265 2143 2394 2203 hnc
2436 2142 2686 2203 abibant
2716 2162 2757 2201 e
2795 2150 2994 2201 mente

1080 2247 1143 2298 et
1178 2238 1441 2298 moribus
1477 2236 1750 2299 Catonis.
1836 2237 2056 2320 Itaque
2098 2239 2220 2300 leni
2257 2256 2536 2320 responso
2567 2238 2796 2299 dimisit
2841 2256 2994 2321 prae·

1080 2332 1294 2406 sectos,
1339 2343 1358 2371 ‘
1382 2328 1519 2395 cuin
1546 2336 1830 2395 trecentis
1854 2332 2366 2396 deliberaturum?

1160 2439 1263 2492 49.
1308 2431 1403 2493 At
1436 2430 1527 2491 illi
1562 2432 1768 2512 palam
1803 2440 1865 2493 et
1897 2432 2182 2493 audacius
2215 2434 2516 2513 negabant
2545 2440 2758 2493 contm
2789 2431 2998 2494 Om-

1080 2548 1203 2588 rem
1243 2527 1604 2590 bellaturos:
1646 2538 1711 2589 et
1737 2548 1774 2589 s
1800 2528 2152 2610 quibusdam
2177 2529 2364 2591 fiebat
2387 2540 2724 2591 senatorum
2751 2530 2996 2600 mentio,

756 2616 873 2727 Plui
1081 2633 1099 2661 ‘
1128 2624 1549 2705 comprehendi
1588 2632 1711 2687 eos'
1733 2636 1798 2689 et
1826 2627 2052 2687 Caesari
2091 2626 2232 2687 dedi
2265 2636 2566 2710 oportere,
2601 2646 2722 2709 quo
2763 2626 2824 2686 in
2859 2626 2996 2687 reli·-

876 2713 891 2729 ’
1082 2742 1231 2804 quos
1254 2721 1422 2784 fieret
1444 2724 1682 2785 mitior.’
1764 2723 2004 2785 Idcirco
2028 2723 2412 2785 dimittendos
2435 2743 2514 2784 ex
2541 2732 2709 2785 tanto
2735 2722 3000 2804 periculo

1082 2819 1310 2891 videns,
1345 2822 1631 2881 abeuntes
1661 2824 1795 2901 jam
1828 2822 2058 2902 equites
2095 2830 2468 2894 consecutus,
2501 2822 2715 2894 oravit,
2745 2832 2764 2859 ‘
2797 2831 2865 2883 ut
2898 2821 2998 2881 vel

1082 2936 1261 2977 unam
1288 2917 1483 2979 adhuc
1508 2918 1668 2979 diem
1693 2930 2019 2992 manerent,
2044 2930 2350 3000 tutamque
2378 2927 2722 3000 praestsrent
2746 2928 2840 2979 tot
2864 2918 2998 2979 Ro-

1084 3015 1277 3073 manis
1308 3017 1678 3077 senatoribus
1711 3015 1952 3095 fugsm.’
2003 3024 2008 3027 '
2033 3016 2317 3077 Pei-suasi
2341 3026 2479 3095 sunt
2503 3034 2542 3077 a
2569 3016 2804 3077 Catone
2829 3017 3000 3096 equi·

1084 3118 1197 3182 tes,
1236 3120 1302 3171 et
1338 3115 1557 3193 partim
1600 3114 1660 3175 in
1699 3115 1886 3195 portis
1922 3114 2152 3195 oppidi,
2189 3114 2404 3195 partim
2443 3115 2504 3175 iu
2541 3134 2678 3175 arce
2711 3114 3000 3175 custodiar

1083 3227 1265 3269 causa
1288 3210 1595 3283 collocuti,
1616 3221 1836 3272 metum
1863 3212 2132 3273 fecerunt
2156 3212 2460 3281 trecentis,
2487 3232 2562 3271 ne
2587 3212 3000 3272 inconstantia

1084 3327 1208 3367 suae
1248 3328 1433 3387 poenae
1467 3318 1923 3390 reposcerentur.
2007 3308 2249 3371 Idcirco
2273 3310 2558 3369 miserunt
2581 3307 2659 3367 sd
2681 3308 3000 3380 Catonem,

1086 3413 1343 3477 eratum,
1379 3404 1459 3465 ad
1496 3409 1842 3469 se'veniret.
1928 3407 2072 3479 Ille,
2107 3406 2372 3469 delinitis
2411 3426 2678 3467 sermone
2713 3406 3000 3467 senatori-

1088 3499 1222 3571 bus,
1258 3503 1365 3581 qui
1402 3502 1746 3569 circumfusi
1785 3507 2086 3585 negabant
2123 3514 2484 3565 servatorem
2517 3524 2690 3563 suum
2725 3504 3002 3564 missuros

1089 3598 1150 3659 in
1178 3598 1541 3681 proditorum
1568 3611 1941 3682 potestatem,
1968 3602 2128 3663 solus
2155 3602 2233 3662 sd
2259 3622 2363 3662 eos
2381 3600 2684 3682 *profectus
2707 3609 2822 3663 est.
2895 3599 3002 3661 Illi

1087 3697 1327 3757 veniam
1367 3697 1688 3777 petierunt,
1724 3708 1742 3736 ⁸
1766 3699 1932 3780 quod
1976 3699 2245 3760 aemulari
2287 3698 2685 3759 Catonianam
2723 3706 3000 3758 constan-

1088 3793 1233 3854 tiam
1268 3794 1615 3875 nequirent3
1663 3816 1978 3875 agnoscere
2013 3816 2076 3856 se
2112 3794 2273 3877 quod
2301 3814 2586 3877 proavum
2621 3795 2807 3875 ipsius
2839 3793 3002 3854 fama

890 3902 926 3944 t.
951 3893 1062 3945 Cat.
1086 3898 1240 3951 esset
1263 3889 1461 3952 dicere
1494 3892 1757 3966 solitum,
1787 3914 1902 3953 non
1929 3914 2098 3974 posse
2123 3914 2329 3954 omnes
2351 3914 2478 3954 esse
2505 3893 2786 3953 Catones.
2871 3890 3002 3951 Sibi

894 3957 1063 4074 ἄξι’
1089 3989 1149 4046 in
1180 3987 1379 4048 animo
1406 4008 1555 4061 esse,
1577 3988 1802 4067 legatos
1825 3990 2096 4052 mittendi
2122 3990 2201 4051 sd
2223 3988 2544 4061 Caessrem,
2565 3998 2785 4050 stante
2801 3986 3002 4049 omnis

1092 4083 1343 4145 Catonis
1366 4084 1834 4147 incolumitatem
1859 4086 2222 4169 stipulandi:
2267 4107 2376 4147 nec
2411 4087 2522 4147 nisi
2549 4087 2662 4147 hac
2688 4086 3004 4165 impetrata

1092 4200 1259 4244 arma.
1296 4183 1627 4263 posituros.'
1708 4184 1820 4244 Ad
1853 4204 1928 4245 es
1959 4184 2268 4245 subridens
2293 4184 2396 4245 ille
2423 4184 2666 4264 neg-avit
2689 4192 2708 4220 ‘
2737 4184 2851 4243 sibi
2877 4200 3002 4243 esse

764 4276 984 4391 apphu-
1092 4278 1574 4361 deprecatoribus
1611 4301 1781 4361 opus,
1809 4282 1988 4362 idque
2031 4282 2332 4343 Caesarem
2369 4282 2558 4363 ipsum
2595 4282 2744 4341 scire
2778 4278 3004 4360 planis-

830 4352 899 4391 ut.
1092 4378 1258 4438 sime.
1336 4379 1466 4439 Sibi
1494 4400 1637 4440 vero
1661 4381 1710 4439 si
1736 4380 2065 4450 consulant,
2091 4402 2153 4439 se
2181 4380 2422 4440 minime
2449 4380 2639 4442 invito
2661 4378 2962 4439 faetum'

1176 4484 1278 4538 50.
1320 4476 1488 4538 Inter
1529 4479 1683 4552 haec,
1711 4478 1917 4539 audito
1949 4480 2149 4541 venire
2185 4498 2322 4539 cum
2349 4478 2624 4540 omnibus
2645 4476 2834 4559 copiis
2861 4474 3001 4537 Οε-

796 3892 887 3942 ΡΙιι

762 3959 886 4024 Msj.

765 4023 875 4074 Cet.
