3300 5234
828 547 900 596 m
916 545 1031 595 BR!
1083 545 1316 596 cxlii.
1360 545 2008 596 surrnssnnn‘ruu.

298 689 643 752 Pharnacis
667 699 775 752 aut
800 691 1147 772 prudentiae,
1184 700 1291 752 aut
1314 691 1554 752 viribus.
1636 691 1800 760 Quat
1820 691 2000 772 igitur
2021 709 2206 751 causa

296 773 473 849 istius
522 789 859 869 ignominiae
884 789 1059 851 -suit‘e
1144 789 1441 871 Tempora
1490 809 1645 862 mea,
1691 791 1780 850 uti
1829 788 2102 870 praedixi,
2141 797 2208 848 et

296 884 469 946 locus
492 886 597 966 qui
622 895 753 947 erat
775 907 881 967 pro
898 884 1181 957 hostibus,
1210 895 1275 947 et
1298 885 1461 966 quod
1482 887 1698 947 reverti
1725 885 2048 957 Domitius,
2086 905 2204 946 non

293 989 531 1042 tentata
548 1003 769 1065 pugna,
794 982 1158 1053 indecorum,
1186 983 1535 1044 commorari
1554 983 1780 1044 diutius
1799 981 2006 1044 iisdem
2029 981 2206 1055 locis,

292 1077 470 1138 nullo
492 1089 672 1160 pacto
696 1078 1027 1140 faciendum
1045 1080 1367 1160 judicarat.
1458 1078 1656 1160 Igitur
1677 1099 1922 1140 numero
1945 1078 2202 1140 militum

292 1176 711 1257 equitumque,
748 1176 829 1239 ad
866 1178 999 1238 haec
1036 1177 1297 1238 locorum
1324 1177 1441 1240 situ
1470 1177 2008 1258 munitionibusque
2033 1196 2210 1257 supe-

294 1272 466 1345 riori,
512 1293 627 1334 uon
671 1283 795 1334 tam
836 1273 1153 1353 gloriosum
1194 1283 1307 1344 est,
1356 1272 1519 1353 quod
1565 1273 1756 1334 fossas
1799 1272 2208 1334 tranoeendere

293 1388 477 1428 ausos
500 1370 562 1429 in
589 1371 718 1452 ipso
742 1379 961 1432 conatu
989 1371 1299 1452 oppressit,
1340 1391 1519 1451 quam
1555 1379 1725 1451 turpe
1763 1369 2025 1430 futurum
2053 1380 2206 1440 erat,

294 1465 351 1524 si
371 1473 527 1526 esset
552 1484 589 1525 a
608 1468 983 1546 paucioribus
1008 1468 1165 1527 intra
1188 1485 1297 1544 sua
1320 1467 1688 1528 munimenta
1713 1473 2044 1547 superatus.

382 1567 487 1621 20.
530 1570 549 1598 ‘
584 1561 887 1633 Ceterum,
923 1581 1061 1643 quae
1103 1571 1243 1623 tunc
1268 1564 1529 1622 maxime
1562 1562 1922 1642 adjuverunt
1957 1563 2207 1632 hostem,

298 1659 419 1722 hoc
445 1669 709 1740 tempore
735 1660 905 1721 nulla
927 1669 1084 1721 sunt.
1163 1659 1313 1720 Non
1344 1661 1423 1721 ab
1448 1660 1652 1741 aliquo
1687 1659 1906 1720 ducum
1945 1677 2212 1719 meorum

298 1755 743 1816 administratur
768 1755 1017 1829 bellum,
1052 1757 1155 1836 qui
1192 1776 1355 1816 meas
1392 1757 1649 1817 rationes
1677 1756 1988 1837 respicere,
2029 1763 2214 1834 atque

297 1873 377 1914 eo
413 1854 668 1932 dirigere
704 1853 977 1916 consulta
1014 1853 1212 1914 omnia
1247 1853 1503 1914 debeat:
1546 1873 1680 1933 quae
1719 1873 1812 1913 res
1843 1852 2212 1933 plerumque,

296 1950 455 2011 locis
494 1959 675 2030 atque
714 1951 1081 2030 temporibus
1114 1948 1455 2010 difficilibus
1494 1949 2038 2018 intervenientibus,
2075 1935 2212 2028 per-

300 2065 490 2126 quam
524 2055 617 2108 est
640 2046 1031 2108 incommoda.
1116 2045 1451 2129 Imperator
1492 2047 1664 2108 vobis
1701 2046 1894 2117 adest,
1927 2053 1991 2106 et
2023 2045 2212 2125 impe·

298 2151 469 2202 rator
510 2143 737 2216 Caesar,
782 2145 955 2224 cujus
1000 2145 1621 2225 promissa-nunquam
1659 2141 2000 2202 fefellerunt
2035 2160 2210 2202 exer-

296 2240 515 2311 citum,
554 2243 731 2321 cujus
766 2261 929 2321 spem
960 2260 1261 2320 nunquam
1284 2239 1505 2300 fefellit
1530 2238 1738 2298 miles:
1781 2237 1980 2298 locum
2006 2245 2208 2298 autem

303 2355 343 2396 a
384 2336 711 2402 Pharnace
751 2336 1069 2408 delectum,
1106 2356 1224 2396 non
1265 2336 1453 2414 magis
1495 2334 1740 2395 hostilia
1767 2343 1985 2406 casu-a,
2029 2353 2212 2414 quam

2348 529 2526 599 5221
2621 493 2630 498 ’

302 2440 511 2492 nostra
550 2433 909 2494 muniturum
956 2452 1105 2502 esse,
1151 2431 1496 2513 propediem
1536 2429 1863 2492 ostendam.
1950 2428 2084 2490 Vos
2121 2429 2210 2488 in·
2236 2439 2368 2490 Hirr.

300 2537 473 2589 terea
512 2549 807 2608 aggerem,
847 2528 1115 2589 celeriter
1138 2529 1268 2588 usui
1294 2525 1578 2600 futurum,
1613 2527 1770 2588 intra
1803 2525 2030 2589 vallum
2053 2545 2216 2588 com-

304 2627 589 2708 portate?

386 2729 493 2783 21.
539 2722 755 2784 Castra
778 2720 1116 2784 Pharnacis
1140 2743 1213 2784 eo
1238 2723 1357 2784 situ
1390 2730 1582 2794 erant,
1626 2731 1697 2782 ut
1727 2719 2050 2782 editissimo
2073 2717 2221 2780 colli

302 2820 593 2900 imposita
616 2820 927 2901 praeruptis
950 2819 1209 2882 vallibus
1232 2820 1615 2880 munirentur.
1675 2817 1938 2879 Easdem
1956 2817 2142 2878 valles
2159 2819 2218 2878 ei

302 2917 675 2978 munimento
701 2919 921 2998 pariter
953 2917 1181 2978 futuras
1214 2917 1319 2998 qui
1342 2917 1586 2978 diversa
1610 2936 1649 2976 a
1673 2925 1842 2997 parte
1879 2923 2074 2974 castra
2105 2933 2216 2994 op-

302 3015 605 3096 posuisset
631 3014 835 3075 Caesar
870 3015 1097 3086 videns,
1138 3014 1327 3075 dubia
1360 3014 1557 3076 adhuc
1592 3014 1730 3075 luce
1761 3013 1823 3073 in
1859 3031 1992 3074 eum
2019 3011 2216 3072 locum

303 3111 527 3172 deferri
550 3121 983 3192 comportatum
1004 3125 1279 3192 aggerem
1293 3113 1495 3191 jubet,
1541 3112 1748 3191 ibique
1775 3118 1972 3172 castra
1991 3111 2218 3171 munire

304 3209 546 3290 incipit.
605 3209 701 3270 Ea
720 3230 781 3269 re
798 3217 1139 3290 conspecta,
1162 3211 1529 3282 Pharnaces,
1558 3229 1700 3270 nam
1715 3209 1882 3270 mille
1899 3207 2219 3270 admodum

304 3326 593 3388 passuum
617 3307 793 3367 vallis
826 3307 1123 3378 intererat,
1166 3306 1469 3388 productis
1506 3307 1696 3388 copiis
1737 3308 1926 3368 aciem
1965 3307 2220 3368 instruit.

308 3405 545 3487 Neque
568 3414 969 3468 commovetur
993 3406 1221 3479 Caesar,
1256 3406 1401 3486 quia
1434 3405 1613 3468 vallis
1639 3405 2006 3488 iniquissima
2027 3413 2220 3466 trans-

306 3502 467 3562 itum
520 3502 900 3583 impediebat,
942 3521 1102 3562 more
1147 3503 1336 3582 magis
1384 3502 1637 3575 militiae,
1687 3521 1866 3582 quam
1919 3501 2223 3583 pugnandi

307 3598 568 3658 consilio
613 3599 808 3659 facere
853 3619 1050 3678 regem
1095 3607 1331 3680 putans,
1386 3608 1459 3659 ut
1514 3619 1666 3680 opus
1709 3599 2070 3679 prohiberet,
2117 3606 2226 3658 aut

310 3694 654 3756 ostenderet
696 3694 995 3756 fiduciam.
1081 3693 1207 3756 Sed
1250 3695 1377 3768 ille,
1420 3697 1546 3758 sive
1584 3695 1704 3756 loci
1746 3695 2036 3757 felicitate
2079 3714 2224 3756 con-

312 3789 483 3865 fisus,
522 3792 644 3854 sive
670 3793 969 3874 auspiciis,
1008 3802 1079 3853 ut
1101 3801 1309 3875 postea
1333 3793 1600 3853 auditum
1624 3801 1737 3865 est,
1774 3792 1898 3854 sive
1923 3799 2224 3852 contemtu

310 3889 627 3969 copiarum
675 3909 825 3970 quas
871 3889 1093 3950 vicerat
1136 3889 1321 3970 prius,
1376 3897 1439 3950 et
1483 3889 1748 3952 veterani
1793 3888 1884 3948 sui
1931 3888 2228 3948 exercitus

312 3987 562 4060 virtute,
610 3986 672 4046 in
712 3995 1070 4070 praeruptam
1113 3987 1355 4060 vallem,
1404 4005 1527 4067 qua
1569 4005 1744 4046 nemo
1787 4005 1966 4046 sanus
2008 3983 2224 4044 demis-

314 4103 490 4144 surus
532 4083 741 4164 copias
779 4082 1153 4156 credebatur,
1190 4083 1538 4153 descendit3
1579 4101 1830 4163 eamque
1866 4099 2228 4162 permensus,

318 4180 529 4241 eodem
554 4179 742 4261 gradu
770 4179 1087 4244 ascendere
1120 4201 1229 4262 per
1265 4188 1575 4264 angustam
1600 4188 1668 4240 et
1687 4178 1934 4242 arduam
1955 4177 2232 4240 semitam

324 4279 525 4360 eoepit.

405 4380 509 4438 22.
552 4374 779 4452 emar,
819 4373 1151 4464 incredibili
1178 4373 1361 4438 bostis
1385 4371 1642 4438 audacia
1667 4390 1998 4458 oppressus,
2032 4367 2246 4435 omnia
