3300 5234
625 579 799 647 4968
1516 561 1525 576 ⁸
1588 597 1658 646 τ.
1709 595 1894 646 mvn

946 761 1101 803 nunc
1120 741 1428 804 voluntate
1456 742 1738 824 Pompeii
1757 741 1924 803 velut
1943 749 2178 802 amento
2202 740 2584 814 concitatam,
2611 742 2670 802 in
2697 761 2847 803 rem-

944 839 1245 921 publicam
1272 839 1457 900 ferri?
1526 839 1779 900 Minime
1805 859 1948 898 vero
1973 838 2067 897 hic
2091 837 2362 898 cessandi
2405 839 2570 900 locus
2593 847 2702 910 est,
2745 839 2849 900 sed

945 947 1050 996 aut
1074 936 1477 1018 reprimendus
1515 935 1619 996 ille
1663 936 1832 1007 mihi,
1871 943 1974 995 aut
2007 956 2112 1017 pro
2149 935 2420 996 libertate
2447 936 2851 996 moriendum.'

654 1039 759 1090 Cic.
780 1039 841 1088 td
950 1032 1117 1094 Nam
1170 1032 1361 1094 affinis
1411 1033 1692 1114 Pompeii
1745 1033 2055 1103 Metellus,
2107 1033 2308 1092 omnia
2350 1053 2428 1092 ex
2473 1033 2659 1113 ipsius
2703 1040 2848 1092 nutu

622 1105 755 1156 Fun.
776 1119 829 1155 ν·
848 1108 900 1154 ²·
944 1130 1141 1190 facere
1192 1130 1571 1211 facturusque
1623 1128 1956 1190 videbatur.
2057 1129 2364 1190 Praeterea
2413 1130 2674 1190 moribus
2725 1137 2853 1189 erat

654 1235 767 1284 vul.
788 1231 925 1282 Max.
946 1226 1245 1308 improbiS,
1290 1226 1445 1287 unde
1472 1235 1535 1288 et
1556 1235 2010 1306 cognomentum
2049 1227 2106 1286 ei
2145 1225 2428 1308 Nepotis,
2471 1225 2612 1287 licet
2646 1244 2685 1285 a
2725 1245 2850 1285 ma-

623 1303 867 1348 ¹¹⁸¹⁴'⁴‘
934 1327 1168 1405 joribus
1220 1333 1552 1406 acceptum,
1594 1326 1738 1385 mire
1785 1323 2160 1403 congruebat.
2266 1323 2586 1384 Profectus
2629 1334 2853 1396 tamen,

622 1427 756 1478 Plut.
778 1427 892 1478 Cat.
946 1423 1317 1484 hortantibus
1353 1423 1494 1494 illis,
1532 1444 1655 1504 quo
1687 1423 2042 1493 intenderat,
2079 1443 2190 1482 nec
2227 1423 2414 1483 multo
2437 1432 2572 1504 post
2595 1442 2857 1482 reversus

946 1521 1004 1580 in
1038 1521 1288 1593 Urbem,
1318 1523 1488 1603 petiit
1512 1523 1894 1590 tribunatum,
1922 1528 1985 1579 et
2011 1539 2128 1578 una
2153 1519 2493 1599 designatus
2515 1529 2624 1580 est.

1027 1625 1125 1678 15.
1174 1619 1303 1679 Hic
1349 1620 1528 1697 igitur
1572 1617 1890 1678 Metellum
1938 1619 1998 1677 in
2049 1626 2258 1678 senatu
2301 1617 2688 1698 compellans,
2737 1638 2854 1677 non

932 1719 1070 1796 -egit
1119 1717 1493 1778 vehementer
1543 1727 1605 1776 et
1656 1709 1762 1776 illo
1815 1715 2153 1775 catoniano
2203 1715 2438 1796 spiritu,
2483 1714 2588 1775 sed
2641 1723 2856 1797 praeter

946 1834 1168 1874 morem
1204 1813 1375 1884 lenis,
1420 1813 1603 1874 etiam
1640 1812 1719 1873 ad
1753 1832 1958 1894 preces
1991 1811 2326 1884 devolutum,
2360 1810 2688 1884 admonuit,
2731 1823 2750 1850 ‘
2781 1835 2856 1874 ne

945 1911 1189 1972 familiae
1208 1930 1330 1970 suae
1348 1909 1550 1982 decus,
1576 1931 1712 1992 quae
1731 1930 1960 1992 semper
1977 1911 2332 1991 optimarum
2353 1913 2608 1991 partium
2629 1911 2856 1984 fuisset,

948 2009 1274 2088 ainceret.'
1362 2007 1585 2078 Atini,
1614 2017 1928 2088 postquam
1947 2008 2138 2086 rogari
2157 2007 2359 2076 sensit,
2385 2009 2572 2067 crevit
2598 2009 2855 2069 animus:

950 2103 1317 2185 Catonisque
1342 2103 1627 2165 domitam
1655 2104 1988 2164 libertatem
2013 2103 2226 2164 cedere
2251 2104 2364 2163 sibi
2394 2115 2458 2164 et
2480 2107 2860 2166 succumbere

950 2211 1187 2283 putans,
1234 2223 1307 2262 eo
1348 2201 1612 2282 prorupit
1657 2201 2022 2271 temeritatis,
2067 2211 2156 2271 ut,
2207 2211 2224 2238 ‘
2253 2201 2350 2262 vel
2396 2201 2582 2262 invito
2627 2211 2858 2274 senatu,

948 2308 1145 2379 coepta
1160 2299 1572 2358 executurum’
1597 2296 1843 2358 diceret.
1894 2297 2048 2357 Tum
2077 2317 2219 2358 vero
2241 2307 2469 2358 mutato
2487 2299 2607 2358 oris
2629 2299 2858 2372 habitu,

948 2405 1013 2456 et
1034 2417 1244 2456 vocem
1280 2415 1352 2455 ac
1388 2395 1717 2455 orationem
1753 2414 1792 2454 a
1825 2394 2004 2475 priori
2039 2394 2488 2455 mansuetudine
2515 2394 2593 2455 ad
2619 2405 2860 2456 conten-

953 2495 1175 2554 tionem
1200 2501 1264 2552 et
1288 2493 1722 2554 vehementiam
1749 2511 2033 2553 revocans
2070 2491 2254 2564 Cato,
2285 2493 2566 2553 acerrime
2591 2514 2727 2554 cum
2754 2493 2862 2554 illo

951 2589 1280 2672 disputavit
1302 2589 1377 2650 de
1404 2590 1729 2670 republica.
1815 2589 2131 2650 Postremo
2158 2588 2403 2669 adjecit,
2447 2599 2464 2626 ⁶
2499 2590 2861 2672 Pompeium

954 2698 1267 2760 armatum,
1300 2709 1363 2747 se
1388 2689 1549 2756 vivo,
1575 2697 1890 2748 venturum
1916 2689 1977 2746 in
2009 2687 2238 2747 Urbem
2263 2709 2380 2748 non
2405 2689 2576 2748 esse?
2657 2689 2864 2748 Ambo

953 2786 1207 2845 exivisse
1247 2784 1324 2845 de
1372 2793 1664 2866 potestate
1697 2784 2086 2844 videbantur:
2130 2782 2235 2843 sed
2281 2784 2569 2844 Metellus
2603 2785 2862 2865 quadam

957 2867 1229 2942 infernali
1264 2882 1426 2941 rabie
1462 2881 1784 2950 concitari:
1830 2879 1988 2939 Cato
2031 2879 2262 2940 coelitus
2303 2879 2568 2941 afflatum
2609 2881 2863 2942 furorem

954 2978 1165 3040 furere.

1040 3083 1136 3136 16.
1183 3076 1340 3138 Cum
1380 3074 1594 3136 deinde
1639 3095 1778 3135 cum
1825 3075 2048 3156 populo
2083 3075 2296 3155 agendi
2335 3075 2466 3137 dies
2509 3075 2763 3149 adesset,
2806 3077 2866 3135 in

632 3201 830 3251 sueton.
957 3195 1133 3255 quem
1187 3173 1474 3234 Metellus
1520 3182 1702 3254 atque
1751 3173 1958 3234 Caesar
2003 3171 2125 3234 vim
2165 3182 2229 3234 et
2277 3195 2444 3235 arma
2489 3185 2865 3254 paraverant,

630 3265 763 3316 1²¹⁰*-
786 3264 900 3318 Cn·
956 3289 1317 3350 magnusque
1365 3269 1681 3330 conflictus
1735 3279 2195 3352 expectaretur-3
2252 3270 2606 3333 domesticos
2659 3273 2870 3331 anxios

960 3367 1119 3428 Cato
1163 3367 1557 3437 confirmavit,
1599 3387 1888 3448 coenaque
1932 3367 2010 3428 de
2059 3388 2220 3428 more
2263 3377 2460 3428 sumta
2511 3368 2740 3448 quievit
2784 3368 2869 3428 ita

956 3463 1298 3546 tranquille,
1346 3472 1413 3524 ut
1455 3484 1494 3524 a
1529 3465 1613 3531 Q.
1644 3463 1918 3525 Minucio
1939 3463 2197 3524 Thermo
2229 3464 2484 3544 collega,
2525 3473 2690 3524 arcte
2731 3464 2868 3525 dor-

872 3628 881 3636 ,
960 3563 1167 3634 miens,
1208 3563 1585 3622 excitaretur.
1675 3561 1833 3622 Cum
1861 3563 1974 3622 hoc
2010 3563 2090 3622 ad
2128 3563 2415 3643 templum
2443 3559 2708 3622 Castoris
2733 3583 2868 3644 pro-

633 3694 937 3814 8322253020.
961 3681 1237 3838 51:⁵32?
1252 3669 1597 3818 ἳῗὲῗὲἶῗι
1617 3659 2476 3838 ἓξῖζᾞᾚῶῗῖἓῖὲὶῗω
2499 3659 2870 3818 θῖἷῖᾚίἶῑ,

636 3827 767 3881 Plut.
961 3865 1189 3916 tantum
1216 3853 1556 3936 praesidium
1580 3865 1999 3935 compararunt
2019 3855 2059 3913 1’
2109 3852 2258 3914 Hoc
2281 3851 2468 3924 dicto,
2497 3873 2873 3936 perrumpens

961 3975 1066 4034 per
1105 3953 1347 4013 densam
1392 3952 1901 4012 circumstantium
1941 3953 2199 4022 turbam,
2249 3950 2520 4011 Minucio
2544 3953 2784 4026 comite,
2809 3963 2874 4012 et

964 4052 1305 4113 Munatium
1344 4050 1666 4110 amicorum
1704 4050 1971 4109 intimum
2010 4069 2188 4109 manu
2225 4049 2729 4130 vixpertrahens,
2771 4071 2870 4110 ce-

958 4151 1098 4210 teris
1122 4149 1381 4209 exclusis
1412 4148 1710 4217 omnibus,
1749 4146 2005 4206 medium
2041 4169 2106 4208 se
2145 4147 2402 4208 Metello
2437 4157 2501 4207 et
2527 4147 2756 4208 Caesari
2783 4149 2870 4207 in·

957 4246 1266 4327 terposuit,
1293 4265 1413 4325 quo
1436 4243 1802 4325 colloquium
1827 4262 2028 4303 eorum
2053 4244 2374 4306 dirimeret.

638 4393 907 4509 35:210„
963 4341 1715 4519 0033333232332'503.
1729 4341 2874 4520 ”fietssfflssss'ssssz'ssessssssbiff‘ffi
