3300 5234
828 570 1039 625 unm
1087 574 1252 625 oxi.
1297 574 1978 631 surrnnuawrun..
2315 564 2494 633 ⁵229

252 722 381 787 aut,
427 712 751 777 secundum
790 714 961 788 alios,
1000 717 1168 778 mille
1210 716 1499 803 ducentos
1538 720 1736 780 amisit
1775 720 2018 793 milites,
2058 718 2164 781 sed
2188 730 2405 797 Appiam.

250 815 645 885 centuriones,
688 813 847 874 viros
868 814 1087 886 ,ἴοι-ωε,
1132 816 1365 876 circiter
1405 812 1692 895 triginta.⁷
1778 818 1922 899 Ipse
1957 820 2166 879 militis
2189 828 2320 879 Flor.

251 910 429 970 simul
455 912 937 991 imperatorisque
960 912 1225 991 partibus
1245 914 1515 973 omnibus
1538 924 1772 974 strenue
1797 915 1996 986 obitis,
2018 934 2166 996 prae·

144 1066 149 1073 .
252 1012 495 1090 cipuam
520 1010 788 1069 victoriae
814 1028 935 1069 suae
960 1006 1201 1069 laudem
1236 1010 1473 1071 retulit:
1517 1013 1672 1071 inter
1702 1011 1962 1091 legiones
1985 1011 2164 1073 decu·
2190 1017 2408 1083 Appian-

206 1128 215 1136 ·
253 1125 566 1168 manorum
614 1107 881 1167 maxima
930 1107 1131 1167 extitit
1188 1108 1409 1169 virtus:
1466 1107 1571 1169 sed
1617 1109 1976 1188 singulorum
2029 1120 2165 1170 ante

254 1202 604 1265 Crastinum
628 1224 801 1263 nemo
840 1202 971 1263 fuit.
1058 1203 1299 1265 Idcirco
1323 1205 1577 1267 cadaver
1602 1208 1732 1285 ejus
1759 1208 1922 1284 (nam
1948 1206 2164 1267 adacto
2189 1214 2315 1265 (ἕως.
2335 1215 2470 1267 Plut.

253 1300 314 1359 in
358 1321 431 1361 os
470 1300 673 1381 gladio
713 1309 848 1381 post
884 1299 1309 1363 ferocissimam
1345 1324 1601 1384 pugnam
1639 1278 1962 1383 ceciderat)
2007 1303 2164 1363 mili·
2187 1280 2472 1411 Ξῖὲξὲοῐ·

251 1398 485 1457 taribus
529 1398 703 1459 donis
745 1406 1021 1458 ornatum
1065 1396 1271 1459 Onnar
1314 1400 1551 1480 proprio
1596 1400 1870 1481 sepulcro
1909 1399 2161 1460 infereu-

254 1492 401 1553 dum
451 1495 705 1567 curavit,
755 1514 892 1555 cum
942 1494 1119 1555 ceteri
1167 1512 1285 1556 uno
1328 1496 1623 1557 communi
1677 1496 1907 1557 tumulo
1957 1481 2191 1557 huma·-

254 1600 481 1651 rentur.

334 1694 441 1751 70.
488 1686 588 1748 De
616 1688 1005 1771 Pompeianis
1039 1690 1271 1750 circiter
1301 1687 1494 1749 millia
1520 1688 1856 1769 quindecim
1882 1690 2166 1751 cecidisse
2192 1711 2318 1761 em.

254 1783 465 1845 Caesar
489 1783 776 1855 affirmat3
807 1785 913 1872 qui
938 1785 1124 1864 magis
1149 1792 1388 1865 augent,
1414 1786 1626 1865 viginti
1654 1786 1914 1867 quinque
1940 1787 2164 1848 millia:
2191 1805 2406 1874 Appffim,

251 1880 357 1941 sed
395 1880 649 1941 Asinius
674 1881 903 1954 Pollio,
945 1882 1048 1963 qui
1095 1902 1288 1941 rerum
1331 1883 1571 1943 istarum
1614 1882 1918 1943 historiam
1949 1883 2168 1947 Graeco
2189 1906 2323 1956 plut,

252 1996 525 2039 sermone
548 1978 881 2048 contexuit,
905 1996 1011 2038 sex
1038 1980 1276 2038 omnino
1302 1977 1494 2039 millia
1525 1979 1784 2040 militum
1821 1980 2020 2041 occisa
2049 1990 2168 2041 tra-

254 2072 449 2145 didit;
492 2075 784 2155 reliquam
824 2075 1262 2136 multitudinem
1300 2095 1601 2137 servorum
1642 2076 1847 2152 fuisse,
1895 2078 2170 2141 interfec-

252 2180 453 2231 torum
493 2172 755 2233 maxime
788 2170 932 2231 dum
966 2180 1161 2232 castra
1195 2173 1537 2253 capiuntur.
1616 2172 1846 2234 Dedita
1875 2184 2010 2235 sunt
2044 2195 2169 2235 am-
2191 2197 2318 2249 caea.
2337 2196 2460 2247 Dio.
2521 2202 2536 2213 ·

254 2267 417 2347 plius
456 2266 650 2327 millia
692 2268 907 2347 viginti
952 2276 1230 2348 quatuor,
1273 2288 1409 2348 quae
1454 2268 1638 2330 ferme
1686 2270 1846 2351 apud
1888 2270 2169 2331 victorem

252 2375 625 2426 sacramento
660 2363 958 2426 dixerunt.
1043 2364 1293 2445 Equites
1318 2364 1585 2425 Romani
1611 2366 2006 2447 quadraginta
2027 2370 2167 2429 caesi
2190 2382 2413 2448 Appiani.

254 2462 523 2534 sunt,.de
549 2462 910 2531 illustribus;
952 2470 1251 2522 senatores
1290 2462 1534 2523 decem:
1579 2464 1638 2522 in
1681 2464 1896 2543 quibus
1937 2464 2006 2523 L.
2037 2463 2167 2526 Do-
2192 2479 2320 2529 Caes.

253 2560 512 2631 mitium,
549 2580 629 2619 ex
663 2560 875 2619 castris
908 2559 969 2617 in
1006 2568 1289 2619 montana
1329 2558 1672 2639 fugientem,
1703 2559 2006 2622 Antonius
2032 2584 2168 2625 cum
2193 2543 2344 2659 ¹3³3}
2361 2544 2490 2592 ΡΜ·

252 2656 562 2736 equitibus
600 2656 723 2715 suis
762 2655 1096 2735 occupavit.
1195 2654 1383 2735 Signa
1425 2656 1708 2717 militaria
1749 2657 1826 2718 ad
1869 2656 2166 2719 Caesarem
2194 2674 2322 2723 σε..
2348 2646 2381 2698 ’·

252 2752 448 2812 relata
480 2760 619 2813 sunt
650 2760 887 2812 centum
922 2752 1248 2830 octoginta,
1286 2752 1503 2832 aquilae
1542 2773 1774 2814 novem.

335 2856 443 2913 71.
488 2848 653 2910 Haec
684 2849 935 2911 victoria
967 2848 1246 2920 Caesaris,
1285 2870 1406 2930 qua
1445 2860 1771 2931 pugnatum
1811 2860 1902 2912 est
1941 2850 2060 2925 die,
2105 2854 2161 2912 in
2191 2872 2470 2925 mmmm,

254 2946 664 3006 remotissimis
704 2954 988 3021 terrarum
1040 2946 1311 3006 nuntiata
1356 2955 1465 3007 est.
1570 2946 1741 3007 Nam
1786 2957 1848 3008 et
1891 2952 2167 3030 strepitus
2188 2970 2292 3024 Jul.
2315 2970 2496 3037 Obseq.

256 3061 578 3115 armorum,
626 3044 1131 3123 pugnantiumque
1181 3042 1470 3103 tumultus
1520 3064 1658 3105 eum
1709 3044 1859 3105 alibi
1905 3044 2168 3105 locorum

256 3138 497 3199 auditus
531 3147 643 3212 est,
669 3148 796 3199 tum
823 3138 1168 3199 Antiochiae
1203 3140 1263 3197 in
1306 3137 1485 3220 Syria
1522 3140 1652 3201 bis:
1695 3138 1972 3221 idemque
2011 3143 2166 3202 acci-

257 3234 349 3296 dit
394 3234 816 3295 Ptolemaide:
858 3245 921 3295 et
961 3234 1267 3295 Trallibus
1302 3235 1379 3295 ad
1420 3244 1677 3297 statuam
1720 3237 1994 3311 camaris,
2032 3258 2167 3319 quae

256 3332 540 3393 dedicata
572 3335 634 3393 in
674 3332 817 3393 fano
842 3332 1133 3394 Victoriae
1172 3332 1386 3405 fuerat,
1426 3353 1541 3393 non
1584 3354 1663 3394 ex
1701 3335 1904 3407 humo,
1941 3334 2046 3395 sed
2088 3356 2169 3396 ex

256 3428 407 3489 duro
438 3439 506 3490 et
543 3438 729 3491 strato
768 3429 1033 3491 silicibus
1074 3428 1223 3505 solo,
1263 3429 1467 3511 palma
1494 3431 1903 3509 magnitudine
1939 3440 2170 3492 matura

258 3534 438 3587 enata
464 3536 589 3587 est:
630 3536 696 3587 et
718 3526 1031 3607 Pergami,
1074 3529 1134 3587 in
1172 3526 1395 3608 templo
1432 3527 1634 3587 Liberi
1672 3531 1878 3609 patris,
1919 3530 1976 3589 in
2016 3531 2168 3589 inte-

258 3624 409 3684 riore
436 3635 608 3705 parte
634 3622 799 3696 aedis,
828 3644 949 3704 quo
973 3633 1189 3705 praeter
1213 3622 1551 3685 sacerdotes
1586 3624 1785 3686 aditus
1811 3634 1902 3685 est
1925 3627 2167 3698 nemini,

258 3730 678 3801 tympanorum
701 3720 1230 3801 cymbalorumque
1256 3721 1481 3781 sonitus
1513 3722 1825 3803 increpuit.
1909 3721 2089 3784 Elide
2109 3724 2168 3783 in

257 3816 483 3899 templo
532 3818 828 3879 Minervae
866 3816 1245 3879 simulacrum
1299 3816 1614 3889 Victoriae,
1667 3819 1829 3899 quod
1876 3818 2168 3879 Minervae

256 3917 424 3995 signo
468 3916 781 3978 obversum
832 3915 1049 3987 fuerat,
1102 3936 1165 3976 se
1216 3916 1531 3987 convertit,
1578 3914 1904 3997 valvasque
1957 3916 2166 3998 templi

258 4014 538 4095 respexit.

338 4117 441 4173 72.
486 4108 611 4170 Sed
662 4109 807 4170 nihil
860 4109 1213 4191 expressius,
1254 4128 1435 4189 quam
1474 4106 1643 4189 quod
1680 4130 1716 4169 e
1761 4111 2057 4192 municipe
2105 4120 2171 4172 et

261 4206 541 4269 familiari
584 4227 693 4268 suo
733 4206 809 4267 C.
849 4206 1130 4267 Cornelio
1175 4205 1448 4267 auditum
1490 4206 1700 4267 Livius
1740 4206 2006 4267 tradidit.
2100 4207 2169 4268 Is

384 4420 417 4466 7
454 4416 709 4468 Μαΐου
729 4414 853 4465 edd.
876 4422 999 4465 ante
1021 4415 1177 4467 Crev.
1202 4415 1435 4467 correxit
1458 4414 1549 4465 ille
1566 4428 1632 4463 ex
1658 4412 1796 4464 Caes.
1819 4418 1874 4463 et
1899 4412 2041 4479 App.
2143 4460 2146 4465 .
