3300 5234
796 570 974 641 6018
1204 668 1224 679 ο
1511 607 1519 617 -
1716 580 1789 636 r.
1838 580 2034 633 mvn

1107 729 1388 809 conjungi
1441 727 1793 797 Quadorum
1841 728 2005 789 natio
2050 726 2225 799 solet,
2260 725 2351 787 ad
2406 724 2752 787 Danubium
2804 722 3024 785 flumen

1105 826 1326 887 colens.
1411 825 1707 889 Moraviae
1754 824 2105 905 Silesiaeque
2146 832 2400 905 partem,
2450 822 2665 883 deinde
2708 822 3019 883 Austriarn

1107 924 1449 994 obtinuisse,
1491 942 1609 983 non
1646 923 1849 1002 inepta
1883 924 2231 1002 conjectura
2262 920 2653 981 existimatur.
2738 918 3025 1000 Superest

1105 1020 1407 1081 orientalis
1433 1020 1777 1081 Germaniae
1802 1020 2015 1100 portio,
2036 1039 2161 1099 qua
2184 1019 2569 1079 Pannoniam
2594 1017 3021 1095 sarmatasque

1103 1118 1477 1198 respiciebat.
1568 1118 1670 1177 Ex
1698 1118 1793 1177 his
1816 1116 2111 1197 Marsigni
2150 1115 2441 1196 Bur-iique
2470 1115 2727 1177 Suevico
2750 1132 3020 1175 sermone

1101 1214 1432 1296 habituque
1465 1217 1836 1276 testabantur
1860 1215 2183 1292 originem:
2228 1214 2525 1275 Gotbinos
2558 1211 2828 1282 Gallica,
2858 1212 3022 1271 Osos

1100 1311 1458 1381 Pannonica
1483 1313 1710 1391 lingua,
1736 1320 1887 1372 teste
1912 1311 2147 1382 Tacito,
2174 1312 2540 1390 coarguebat
2564 1330 2677 1371 non
2701 1328 2827 1370 esse
2854 1308 3017 1368 Ger·

1099 1424 1327 1480 manos,
1371 1416 1435 1470 et
1468 1410 1614 1489 quia
1658 1410 1883 1469 tributa
1917 1409 2315 1489 patiebantur.
2402 1408 2629 1469 Omnes
2676 1426 2765 1467 eae
2806 1418 3016 1488 gentes

1097 1511 1268 1583 terga
1311 1506 1872 1567 Marcomannorum
1921 1504 2395 1586 Quadorumque
2429 1503 2814 1576 claudebant,
2859 1505 3015 1564 inter

1095 1599 1207 1661 hos
1229 1610 1294 1661 et
1321 1601 1628 1663 Sarmatas
1664 1602 2007 1684 intercepti:
2050 1612 2118 1662 ut
2154 1600 2385 1662 Silesiae
2422 1602 2834 1683 Moraviaeque
2869 1622 3011 1683 par·-

1095 1704 1215 1757 tem
1242 1700 1540 1759 habitasse
1565 1709 1886 1781 appareat;
1931 1700 2131 1761 Buriis
2166 1701 2347 1759 etiam
2390 1698 2467 1760 ad
2502 1698 2808 1760 Vistulam
2832 1699 3019 1761 fluvi-

1096 1812 1198 1853 um
1229 1797 1677 1875 pertinentibus.

1175 1896 1277 1953 20.
1321 1892 1415 1952 At
1439 1902 1574 1974 post
1605 1894 1714 1953 hos
1750 1892 2071 1973 Lygiorum
2107 1892 2309 1953 multae
2346 1894 2625 1954 civitates
2670 1892 2749 1953 ad
2789 1890 3005 1953 Danu*

1091 1990 1278 2060 bium,
1307 2008 1428 2070 qua
1451 2008 1608 2049 nunc
1635 1988 1905 2050 Austriae
1934 1988 2393 2071 Hungariaeque
2427 1998 2589 2049 trans
2612 2008 2847 2049 amnem
2868 2008 3007 2069 par·-

1093 2096 1184 2147 tes
1209 2086 1563 2156 incoluntur,
1607 2085 1729 2145 late
1758 2094 2091 2146 tenuerunt.
2174 2086 2382 2158 Arios,
2414 2084 2826 2158 Helvecouas,
2856 2087 2999 2148 Ma·

1091 2184 1303 2253 nimos,
1325 2182 1586 2263 Elysios,
1611 2168 2002 2243 Naharvalos
2021 2192 2193 2244 vetus
2212 2192 2359 2242 aetas
2378 2183 2729 2263 appellavit,
2754 2202 3007 2265 sequens

1090 2282 1283 2342 oblita
1307 2290 1414 2340 est.
1499 2278 1853 2340 Gothonum
1878 2280 2073 2351 sedes,
2122 2300 2274 2360 quos
2302 2290 2364 2340 et
2389 2279 2691 2340 Guttones
2714 2282 3000 2352 scribunt,

1091 2378 1396 2439 succinum
1421 2376 1700 2447 ostendit,
1729 2376 1890 2456 quod
1918 2386 2149 2437 tantum
2178 2377 2511 2437 Prutenico
2535 2377 2733 2437 littore
2758 2376 3000 2456 legitur.

1095 2474 1238 2536 Hos
1262 2474 1562 2536 Vandalis
1603 2476 1869 2556 ascripsit
1904 2475 2165 2537 Plinius.
2250 2473 2595 2553 Rugiorum·
2612 2472 2807 2534 insula
2828 2475 3003 2536 sedes

1101 2572 1380 2654 antiquas
1404 2576 1534 2652 ejus
1574 2572 1805 2654 populi,
1832 2573 2064 2632 nomine
2100 2570 2391 2632 nihildum
2426 2580 2678 2643 mutato,
2718 2574 2862 2633 satis
2900 2572 3009 2633 de·-

1103 2678 1408 2730 monstrat.
1465 2668 1591 2729 His
1617 2671 1761 2749 quia
1786 2668 2023 2729 finitimi
2048 2669 2288 2729 fuerunt
2313 2669 2603 2740 Lemovii,
2632 2668 3011 2731 Pomeraniae
3050 2726 3059 2733 .

1101 2764 1360 2826 cultores
1397 2765 1576 2826 fuisse
1615 2785 1732 2825 uon
1764 2766 2055 2826 hmerito
2094 2768 2228 2846 quis
2272 2766 2603 2826 arbitretur.
2689 2766 3013 2827 Extremus

1105 2862 1438 2923 Suevorum
1472 2864 1534 2921 in
1571 2863 1701 2942 ipso
1740 2882 1965 2922 oceano
1998 2864 2205 2922 statuit
2244 2861 2498 2923 Suionas
2528 2861 2793 2934 Tacitus,
2840 2862 3008 2924 Sito-

1103 2978 1359 3040 numque
1386 2968 1626 3039 gentes:
1672 2978 1919 3040 quorum
1961 2957 2054 3020 illi
2086 2979 2300 3020 nomeu
2331 2969 2508 3040 atque
2532 2960 2859 3041 potentiam
2896 2980 3007 3021 an-

1099 3057 1327 3135 tiquam
1352 3056 1649 3135 hodieque
1676 3056 1966 3115 retinent:
2008 3076 2275 3117 sermone
2300 3057 2503 3127 etiam,
2524 3056 2667 3137 quia
2697 3064 3007 3137 penetrare

1099 3170 1176 3211 eo
1211 3150 1477 3212 Romani
1519 3152 1745 3233 aliique
1780 3153 2010 3213 externi
2044 3173 2158 3214 uon
2188 3162 2524 3234 potuerunt,
2561 3154 2803 3234 propius
2828 3174 3005 3215 acce⁸

1098 3248 1290 3309 dente.
1304 3247 1381 3309 ad
1396 3257 1677 3322 veterem,
1696 3260 1766 3311 nt
1790 3268 1866 3310 ex
1888 3250 2310 3330 antiquissimis
2332 3253 2724 3312 monumentis
2748 3250 3003 3313 Germa·-

1099 3344 1249 3406 nicae
1275 3346 1493 3426 linguae
1517 3356 1683 3407 certo
1708 3348 2099 3427 cognoscitur.

1179 3448 1281 3501 21.
1325 3441 1564 3503 Sitones
1587 3442 1963 3524 Norvegiam
1988 3443 2311 3525 possedisse
2334 3452 2681 3524 argumento
2703 3452 2813 3517 est,
2840 3446 3004 3526 quod

807 3548 1010 3601 Krsutz.
1101 3536 1420 3600 Suionibus
1441 3540 1672 3602 similes
1702 3542 2083 3623 continuique
2106 3540 2449 3612 tradantur:
2494 3560 2567 3602 ac
2598 3542 2757 3623 apud
2782 3562 2885 3604 eos
2908 3546 3001 3605 vi·-

771 3612 988 3730 {223⁶
1006 3680 1024 3693 .
1097 3634 1306 3697 deatur
1330 3646 1508 3699 oetate
1529 3638 1730 3700 Taciti
1752 3658 2027 3720 regnasse
2048 3657 2215 3700 soror
2230 3638 2597 3711 Hasmundi,
2622 3640 2813 3700 minor
2830 3643 3003 3703 annis

1096 3732 1314 3806 fratre,
1330 3735 1437 3795 sed
1473 3735 1733 3797 audacia
1764 3738 2049 3818 superior.
2133 3732 2203 3796 N
2204 3756 2277 3797 ee
2318 3736 2507 3797 multo
2538 3745 2674 3818 post
2706 3736 2901 3799 Sticla
2936 3744 3003 3799 et

1097 3828 1298 3893 Rusla
1313 3834 1569 3913 virgines
1585 3853 1723 3894 eum
1741 3833 1985 3895 Trondo
2008 3834 2191 3894 fratre
2214 3834 2540 3894 diutissime
2560 3834 2637 3895 de
2662 3852 2843 3914 regno
2864 3852 3000 3895 cer-

1093 3937 1387 3991 taverunt.
1471 3933 1618 3999 Qua
1649 3940 1848 3993 tamen
1886 3950 1951 3993 re
1979 3931 2260 4011 distingui
2296 3946 2335 3992 a
2369 3931 2693 3993 Suionibus
2726 3948 2843 3993 non
2888 3932 2998 3993 dea·

1094 4028 1368 4091 buerunt.
1449 4028 1620 4091 Nam
1658 4040 1721 4090 et
1780 4029 1940 4111 apud
1996 4029 2133 4089 illos
2177 4019 2501 4110 antiquitus
2546 4030 2779 4110 utrique
2824 4032 2997 4091 sexui

1095 4136 1382 4206 praestans
1405 4128 1590 4189 virtus
1615 4127 1789 4188 affuit
1800 4149 1820 4199 ς
1863 4136 1929 4188 et
1952 4126 2127 4187 modo
2150 4127 2395 4206 virginis
2416 4142 2657 4207 regnum
2682 4126 2816 4198 fuit,
2842 4146 2994 4205 qua-

1096 4222 1214 4282 lem
1255 4226 1476 4304 aequari
1513 4224 1630 4284 sibi
1663 4223 2064 4304 magnitudine
2098 4224 2305 4295 animi,
2344 4242 2655 4304 rerumque
2694 4233 2997 4305 gestarum

1091 4318 1306 4397 gloria,
1330 4329 1395 4380 et
1419 4321 1747 4401 imperandi
1772 4322 2017 4393 artibus,
2040 4339 2215 4381 nemo
2241 4320 2336 4380 vel
2374 4322 2765 4381 maximorum
2790 4340 2994 4399 regum

1094 4414 1444 4495 indignetur.
1491 4414 1713 4498 Neque
1738 4418 1895 4479 enim
1911 4418 2143 4489 animis,
2164 4418 2249 4478 uti
2274 4419 2639 4498 corporibus,
2656 4416 2995 4479 differentia
