3300 5234
810 528 991 603 5274
1284 600 1297 615 ,
1785 550 1852 599 τ.
1901 548 2091 597 mvn

1143 692 1373 773 periore
1408 690 1567 752 anno
1600 691 1846 753 factum.
1929 690 2216 771 Namque
2253 690 2506 773 cupidus
2543 700 2606 751 et
2638 690 2830 751 sciens
2859 690 3044 772 impe·

1141 788 1335 859 randi,
1362 808 1557 869 neque
1582 790 1846 868 regimen
1871 809 2062 849 rerum
2087 790 2214 849 sine
2238 788 2598 849 exercitibus
2619 788 2856 847 retineri
2873 806 3044 867 pone

1139 894 1385 945 noverat
1433 886 1813 967 dicebatque,
1865 905 2057 965 neque
2107 886 2400 946 exercitus
2445 885 2572 945 sine
2623 883 2934 964 stipendiis
2973 904 3045 945 ac

1137 984 1415 1062 praemiis.
1499 982 1738 1045 Idcirco
1781 992 1846 1045 et
1887 1001 2068 1063 quam
2115 1004 2154 1043 a
2191 1002 2429 1065 quaque
2467 982 2714 1041 civitate
2753 1000 3044 1041 summam

1137 1078 1479 1158 promissam
1506 1081 1804 1161 Pompeio
1827 1088 2206 1159 cognoverat,
2241 1080 2479 1158 exegit:
2507 1087 2570 1138 et
2593 1078 2672 1139 ab
2693 1078 2852 1149 aliis,
2873 1096 3042 1159 quae-

1134 1177 1249 1239 sito
1294 1176 1557 1258 undique
1598 1178 1823 1251 colore,
1885 1177 2228 1258 postulavit.
2309 1176 2456 1257 Tyri
2507 1185 2666 1237 certe
2715 1177 2958 1237 sustulit
3004 1196 3040 1236 e

1134 1274 1499 1333 sanctissimo
1542 1273 1828 1335 Herculis
1861 1274 2004 1334 fano
2027 1273 2298 1345 donaria,
2323 1293 2430 1353 per
2453 1292 2586 1332 eam
2609 1292 2854 1333 causam
2879 1272 3038 1354 quod

1130 1368 1454 1448 fugientem
1478 1391 1613 1431 cum
1653 1372 1926 1451 privigno
1957 1370 2304 1431 Corneliam
2337 1368 2504 1451 Tyrii
2536 1370 2910 1451 hospitaliter
2933 1390 3036 1431 ex·
3159 1452 3162 1461 Ι

1132 1468 1443 1546 cepissent.
1530 1468 1703 1527 Misit
1725 1470 1874 1528 etin
1905 1467 2136 1527 Urbem
2171 1467 2474 1547 epistolas,
2515 1465 2897 1527 collationem
2935 1488 3036 1547 pe-

807 1572 1091 1639 corn.Nep.
1132 1562 1387 1623 cuniosis
1432 1564 1746 1644 imperans.
1831 1564 1976 1629 Quo
2013 1572 2276 1645 ternpore
2310 1562 2386 1623 T.
2432 1563 2773 1644 Pomponio
2799 1563 3034 1635 Attico,

804 1638 954 1690 Δηώ·
972 1645 1082 1691 “⁷⁰
1131 1670 1367 1741 propter
1404 1662 1700 1738 egregiam
1745 1662 2144 1739 integritatem
2183 1661 2347 1730 vitae,
2387 1680 2504 1719 non
2541 1660 2720 1721 modo
2757 1660 3036 1737 molestus

1130 1776 1245 1815 non
1271 1756 1406 1827 fuit,
1446 1756 1551 1815 sed
1594 1759 1774 1817 etiam
1809 1758 2030 1817 remisit
2061 1757 2540 1835 condonavitque
2567 1756 2652 1823 Q.
2685 1757 3034 1818 Ciceronem

833 1850 940 1901 cic.
960 1852 1022 1900 ad
1130 1852 1213 1919 Q.
1245 1852 1316 1912 F.
1347 1852 1544 1913 Attici
1568 1874 1763 1914 sorore
1791 1857 2076 1933 genitum,
2107 1852 2183 1915 C.
2212 1853 2532 1925 Trebonio,
2563 1854 2649 1913 A.
2677 1854 2894 1916 Hirtio
2927 1876 3032 1938 pro

1126 1970 1199 2009 eo
1226 1949 1698 2030 deprecantibus.

796 2052 908 2129 Liy.
931 2055 1067 2121 Epit.
1204 2054 1304 2108 28.
1349 2048 1515 2109 Dum
1539 2050 1655 2109 ista
1681 2069 1786 2130 per
1809 2047 2068 2109 diversas
2100 2050 2434 2129 provincias
2457 2057 2762 2127 geruntur,
2789 2068 3032 2128 mag-nas

798 2116 915 2168 1²¹⁰·
1127 2142 1343 2205 Romae
1368 2148 1573 2207 turbas
1594 2148 1932 2207 tribunatus
1956 2146 2041 2206 P.
2069 2143 2336 2205 comem
2363 2144 2704 2207 Dolabellae
2717 2148 3029 2219 excitavit,

828 2248 936 2297 cic.
970 2250 1099 2305 Phil.
1122 2240 1201 2303 de
1226 2244 1393 2305 novis
1418 2244 1639 2306 tabulis
1663 2244 1908 2305 ferenda
1929 2245 2078 2323 lege.
2164 2242 2522 2305 Accedebat
2547 2245 2718 2305 malis
2750 2244 3028 2307 adversa-

798 2326 855 2424 12
878 2317 957 2366 ¹⁰·
982 2326 1037 2365 ⁰¹²
1114 2341 1243 2400 ‘rius
1278 2344 1408 2422 pari
1448 2342 1705 2403 audacia
1741 2343 1812 2402 L.
1850 2340 2206 2413 Trebellius,
2249 2352 2310 2403 et
2347 2322 2606 2403 deterior
2637 2352 2892 2424 utroque
2934 2344 3024 2405 M.

798 2443 911 2493 Dio.
1124 2438 1427 2499 Antonius
1476 2442 1746 2520 equitum
1795 2440 2089 2517 magister.
2177 2440 2346 2500 Inter
2378 2440 2501 2501 ¹hos
2555 2438 2765 2501 infelix
2815 2442 3025 2501 civitas

1121 2535 1478 2614 quotidianis
1523 2538 1839 2598 terroribus
1878 2539 2251 2599 vexabatur:
2301 2537 2540 2597 aliunde
2579 2540 2722 2598 satis
2763 2538 3024 2619 inquieta

1118 2650 1289 2692 novae
1316 2632 1740 2695 dominationis
1780 2636 1988 2694 timore
2024 2645 2087 2695 et
2111 2636 2242 2713 jam
2281 2654 2475 2704 sensu,
2513 2654 2585 2694 ac
2609 2637 2868 2714 majores
2889 2636 3020 2695 sub-

1116 2728 1255 2789 inde
1282 2733 1594 2811 praeteritis
1619 2732 1994 2792 calamitates
2016 2744 2361 2813 expectans.
2446 2730 2614 2792 Nam
2631 2740 2694 2791 et
2719 2732 3018 2813 prodigiis,

1114 2834 1178 2884 et
1204 2829 1496 2907 responsis
1521 2829 1898 2909 haruspicum
1925 2828 2438 2900 exanimabantur,
2465 2848 2602 2909 quae
2629 2827 2736 2889 illo
2762 2838 2840 2889 et‘
2850 2848 3016 2911 supe—

1116 2924 1271 2983 riore
1300 2943 1455 2983 anno
1480 2933 1851 3005 acceperant.

1194 3024 1298 3078 29.
1343 3018 1587 3100 Quippe
1636 3022 1712 3081 C.
1764 3020 2026 3092 Caesare,
2074 3020 2157 3080 P.
2205 3019 2462 3082 Servilio
2507 3020 2870 3093 consulibus,
2912 3022 3018 3083 sub

1114 3115 1340 3175 exitum
1368 3118 1529 3187 anni,
1566 3137 1702 3177 cum
1739 3115 1890 3177 forte
1925 3138 2096 3178 sacra
2133 3117 2282 3177 Isidi
2309 3117 2538 3191 fierent,
2565 3138 2816 3179 examen
2845 3140 3016 3201 apum

824 3215 986 3294 Rxck.
1010 3219 1071 3269 de
1113 3212 1175 3269 in
1225 3212 1530 3292 Capitolio
1575 3216 1761 3293 juxta
1806 3213 2097 3274 colossum
2151 3213 2441 3275 Herculis
2484 3216 2658 3275 sedit.
2743 3214 2848 3277 Ob
2885 3236 3014 3277 eam

784 3282 947 3399 323¹ss
957 3290 1085 3336 ⁰⁸²⁶·
1112 3326 1258 3379 rem,
1286 3308 1362 3367 de
1382 3311 1673 3369 sententia
1697 3319 1924 3381 vatum,
1951 3312 2150 3371 omnia
2173 3320 2296 3370 tum
2331 3310 2532 3383 Isidis,
2559 3322 2686 3372 tum
2711 3312 3016 3394 Serapidis

990 3456 995 3461 ,
1109 3404 1338 3464 sacella
1374 3405 1613 3465 sublata
1648 3415 1803 3467 sunt.
1889 3406 1986 3467 Ea
2015 3406 2158 3467 dum
2183 3407 2514 3482 diruuntur,
2538 3408 2692 3469 forte
2715 3418 2780 3469 et
2809 3408 3014 3470 Bello-

1112 3518 1205 3559 nae
1249 3500 1502 3561 aedicula
1546 3522 1653 3582 per
1701 3522 1958 3563 errorem
2005 3505 2232 3575 excisa,
2285 3504 2674 3565 nefandorum
2719 3524 3012 3566 sacrorum

1110 3596 1517 3657 crudelitatem
1548 3598 1854 3679 patefecit,
1877 3602 2124 3680 repertis
2143 3600 2227 3660 ibi
2247 3598 2530 3661 fictilibus
2553 3601 2814 3662 humana
2837 3620 3011 3663 carne

1109 3692 1317 3773 plenis.
1404 3693 1550 3755 Hoc
1586 3705 1783 3755 autem
1811 3716 1989 3766 anno,
2025 3715 2146 3777 quo
2175 3696 2620 3757 Alexandrinos
2651 3708 2716 3758 et
2738 3694 3009 3758 Pharna-

1105 3810 1237 3849 cem
1261 3791 1408 3851 vicit
1441 3793 1665 3863 Caesar,
1709 3812 1959 3872 magnus
1993 3802 2164 3853 terrae
2197 3803 2392 3855 motus
2425 3796 2647 3867 extitit,
2680 3796 2845 3855 bubo
2869 3816 3010 3857 con·

1105 3895 1341 3965 spectus
1364 3897 1477 3960 est,
1498 3887 1752 3949 fulmina
1777 3889 2150 3971 Capitolium
2175 3900 2240 3951 et
2260 3891 2463 3951 fanum
2491 3890 2772 3953 Fortunae
2794 3891 3010 3951 Publi-

1103 4000 1217 4052 cae,
1262 3984 1631 4065 Caesarisque
1671 3986 1894 4057 hortos,
1931 3995 1993 4046 et
2027 3988 2086 4047 in
2123 3988 2197 4047 iis
2229 4008 2448 4068 equum
2481 3998 2560 4048 ex
2597 3989 3007 4067 insignioribus

1106 4091 1547 4158 percusserunt:
1576 4090 1637 4141 et
1667 4082 1944 4143 Fortunoe
1969 4084 2253 4165 templum
2289 4094 2503 4166 sponte
2537 4088 2750 4167 patuit.
2831 4084 3002 4145 Prae-

1100 4245 1234 4295 mis
1266 4247 1583 4309 uexabantur.
1638 4248 1872 4299 Verbum
1897 4266 2018 4313 χρη·
2089 4266 2170 4300 am
2194 4244 2477 4315 colligere!
2526 4250 2630 4302 Sed
2655 4250 2738 4301 bic
2759 4250 3002 4302 manifes-

1096 4306 1311 4371 μαστίζειν
1338 4312 1607 4361 niter-dnm
1640 4316 1850 4380 quidem
1875 4330 2018 4363 tisur·
2089 4322 2198 4365 tum
2243 4326 2329 4367 est
2371 4318 2522 4366 aliam
2582 4316 2794 4367 omnino
2842 4316 3002 4370 fuine

1100 4382 1259 4437 parur
1290 4390 1385 4439 pro
1419 4392 1483 4426 eo
1504 4378 1641 4441 quod
1679 4380 1870 4429 Latine
1894 4381 2020 4430 dici·
2088 4390 2316 4433 mentem
2340 4380 2584 4448 Appiani.
2621 4382 2764 4432 ereo.
2821 4396 2830 4408 ’

1100 4447 1189 4489 tur
1211 4442 1229 4470 ⁸
1254 4449 1507 4507 quntum
1528 4441 1747 4509 facere,'
1768 4452 1783 4473 ‘
1805 4446 2020 4511 pecnni-
