3300 5234
713 521 892 586 640⁰
1696 545 1779 592 r.-
1812 544 2007 594 mvn

1043 701 1166 762 que
1182 682 1366 743 ceuit
1391 681 1635 756 Brutus,
1656 687 1971 766 quominus
1994 686 2386 748 nuntiandum
2408 695 2666 758 curaret,
2694 695 2714 724 ‘
2734 686 2954 748 debere

1043 777 1380 841 Antonium
1405 781 1520 842 sibi
1559 783 1671 863 ipsi
1708 782 2033 864 longiorem
2058 783 2219 846 diem
2240 784 2461 859 dicere,
2500 805 2575 845 ne
2600 784 2753 846 forte
2776 786 2955 845 citius

1041 895 1225 955 quam
1249 876 1436 939 vellet
1457 879 1536 938 ab
1561 889 1771 940 senatu
1794 880 1981 942 boetis
1993 881 2408 962 judicaretur!

1123 979 1225 1034 58.
1269 973 1356 1036 Et
1404 985 1640 1057 poterat
1682 977 2015 1058 opprimere
2060 977 2237 1040 Bruti
2286 979 2613 1039 exercitum
2654 975 2849 1038 adbuc
2892 979 2955 1037 in

1043 1072 1250 1132 eastris
1273 1081 1546 1153 agentem
1569 1083 1741 1136 tanto
1766 1077 2063 1156 potentior
2090 1073 2417 1148 Antonine,
2442 1075 2549 1136 sed
2586 1075 2762 1135 urbes
2786 1075 2955 1136 adire

1043 1166 1274 1229 maluit.
1356 1169 1584 1234 Abbis
1607 1191 1747 1232 cum
1772 1173 2156 1253 reciperetur,
2186 1171 2413 1234 Brutus
2434 1173 2659 1234 veritus
2696 1191 2773 1231 ne
2810 1189 2955 1230 mox

1045 1263 1212 1324 nulla
1249 1274 1482 1346 pateret
1515 1267 1654 1340 eibi,
1690 1288 1797 1349 per
1832 1268 2265 1330 simulationem
2304 1266 2637 1330 decedendi
2659 1267 2962 1349 profectus

957 1363 978 1380 ⁸
1043 1369 1138 1422 est
1165 1360 1488 1436 Mutinam,
1529 1364 1801 1426 validam
1840 1367 2045 1442 urbem
2080 1375 2261 1448 atque
2298 1365 2671 1447 populosam,
2700 1385 2955 1445 eamque

1043 1462 1386 1540 occupavit,
1413 1471 1479 1523 et
1499 1463 1689 1543 copiis
1726 1461 2151 1534 Muti-ensium
2177 1463 2397 1524 milites
2418 1483 2557 1522 suos
2582 1461 2765 1534 alere,
2792 1481 2956 1522 muc-

1043 1562 1172 1615 tare
1199 1557 1482 1636 pecudes,
1505 1578 1861 1639 carnemque
1885 1559 1963 1620 sd
1988 1558 2281 1620 diuturnae
2320 1558 2646 1620 obsidionis
2670 1569 2958 1639 expecta·

1043 1653 1268 1714 tionem
1291 1654 1504 1716 sallere
1529 1656 1801 1717 instituit.
1886 1655 2185 1718 Habebat
2217 1667 2417 1717 autem
2452 1675 2652 1716 secum
2678 1674 2955 1734 mag-nem

1045 1747 1442 1827 gladiatorum
1480 1750 1949 1825 multitudinem,
1986 1751 2141 1813 duas
2174 1752 2439 1831 legiones
2461 1761 2795 1821 veteranae,
2824 1751 2957 1832 qui-

1047 1845 1158 1906 bus
1181 1845 1324 1906 olim
1358 1847 1697 1936 praefuerat,
1732 1859 1799 1910 et
1834 1869 2013 1909 unam
2054 1849 2344 1910 tironum:
2386 1849 2491 1910 sed
2528 1867 2735 1909 omnes
2768 1867 2959 1928 nuper

1045 1939 1246 2004 firmos
1271 1943 1350 2005 nd
1389 1964 1484 2005 res
1507 1965 1646 2006 suas
1684 1946 1937 2007 tuendas
1960 1945 2263 2016 effecerat,
2290 1944 2473 2006 ducto
2496 1946 2559 2005 in
2597 1942 2909 2025 Inalpinos
2928 1947 2954 1982 ⁷

1043 2039 1334 2113 exercitu,
1361 2041 1679 2124 multisque
1701 2043 1966 2104 castellis
1990 2043 2184 2125 captis
2208 2053 2387 2123 atque
2412 2042 2683 2113 vastatis,
2720 2049 2785 2101 et
2806 2039 2955 2101 libe-

721 2118 934 2183 Al'l’m·
1042 2134 1246 2198 raliter
1281 2138 1510 2201 donato
1533 2140 1744 2201 milite.
1831 2139 2029 2220 Igitur
2064 2160 2257 2221 neque
2280 2140 2455 2200 minis
2480 2138 2739 2201 Antonii
2762 2158 2955 2198 cesse-

1044 2240 1204 2304 runt,
1225 2243 1288 2295 et
1311 2235 1638 2309 Antonius,
1666 2257 1803 2298 cum
1826 2237 2124 2298 dimittere
2153 2237 2407 2297 Brutum
2444 2234 2652 2306 nollet,
2696 2233 2772 2295 ad
2802 2253 2954 2315 prae-

1045 2325 1192 2389 lium
1219 2330 1430 2392 elicere
1458 2353 1572 2394 non
1599 2343 1819 2414 posset,
1846 2332 2297 2394 circumvallati-e
2326 2333 2629 2392 Mutinam
2654 2330 2851 2412 coepit.

1127 2433 1227 2489 59.
1271 2426 1398 2488 His
1421 2429 1598 2490 rebus
1621 2431 1683 2489 in
1714 2429 1885 2489 Urbe
1908 2429 2184 2508 cognitis,
2210 2427 2643 2507 redintegratus
2672 2434 2763 2486 est
2796 2425 2959 2507 apud

749 2525 858 2576 cic.
877 2525 1010 2580 Phil.
1045 2543 1248 2584 omnes
1287 2523 1543 2586 Caeearis
1573 2524 1769 2597 favor,
1794 2525 1991 2606 deque
2025 2525 2211 2607 ipsius
2242 2533 2307 2584 et
2342 2523 2517 2584 Bruti
2548 2521 2866 2584 honoribus
2892 2523 2955 2581 in

722 2597 1018 2707 {2'21-5352·
1043 2629 1251 2682 senatu
1277 2631 1496 2682 actum.
1580 2622 1914 2683 Provincia
1952 2641 2191 2702 quoque
2232 2620 2445 2681 Gallia
2484 2619 2754 2690 laudata,
2790 2617 2955 2698 quod

725 2721 868 2834 Βίιῑὲῗ
879 2719 971 2850 2⁴}-
1042 2717 1373 2778 Antonium
1411 2738 1528 2779 non
1569 2720 1905 2800 recepisset.
1990 2718 2329 2780 Octaviano
2368 2717 2679 2799 imperium
2710 2716 2955 2776 Cicero·

751 1923 860 1974 cic.
879 1923 942 1973 ad

719 1987 855 2038 Fam.
877 1993 1020 2044 nd.

724 2855 806 2899 15.
1043 2815 1134 2874 nis
1165 2817 1459 2876 sententia
1491 2806 1834 2884 decretumg
1876 2823 2098 2886 statua,
2134 2815 2449 2897 Philippi:
2492 2813 2775 2874 Servius⁸
2815 2813 2955 2874 Ser·

1045 2910 1362 2992 viliusque,
1391 2922 1458 2972 ut
1491 2921 1627 2972 ante
1653 2914 1883 2991 juetam
1908 2920 2147 2972 aetatem
2174 2911 2561 2993 petendorum
2586 2911 2871 2971 honorum
2898 2911 2959 2970 ei
2988 2911 2993 2919 '

721 3009 842 3062 Dio.
1045 3018 1308 3090 potestas
1339 3008 1530 3080 fieret,
1563 3018 1935 3070 censuerunt.
2020 3008 2300 3069 Aberant
2330 3017 2457 3068 tum
2496 3007 2789 3078 consules,
2818 3027 2957 3067 nam

755 3109 864 3158 cic.
887 3107 1020 3160 Phil.
1045 3116 1108 3168 et
1149 3105 1476 3168 Dolabella
1509 3105 1810 3188 profectus
1842 3107 1903 3167 in
1932 3105 2171 3189 Syriam
2197 3105 2411 3167 fueret.
2496 3105 2659 3184 Ergo
2688 3103 2783 3166 Μ.
2814 3102 2957 3164 Ser-

719 3173 1023 3291 ὶζῃῗξὲἓ
1045 3205 1225 3266 vilius
1263 3205 1530 3265 tribunus
1567 3203 1784 3286 plebis,
1808 3206 2057 3286 ejusque
2096 3203 2371 3284 collegae,
2405 3200 2593 3264 A.D.
2628 3217 2793 3262 xln.
2824 3201 2955 3264 Ka·

1046 3303 1252 3364 lendes
1284 3303 1325 3363 J
1329 3305 1603 3364 anueries
1625 3313 1834 3364 senatu
1855 3312 2206 3375 convocato,
2238 3309 2663 3384 proposuerunt
2692 3301 2953 3362 edictum

1050 3399 1249 3476 Bruti,
1277 3421 1398 3480 quo
1413 3405 1440 3440 ⁹
1466 3409 1485 3437 ‘
1505 3418 1688 3482 seque
1708 3410 1771 3461 et
1796 3402 2125 3462 exercitum
2160 3400 2643 3483 provinciamque
2668 3399 2728 3458 in
2759 3407 2956 3480 potee-

757 3501 866 3553 cic.
889 3503 1022 3554 Phil.
1045 3505 1171 3558 tate
1207 3505 1447 3558 senatus
1484 3496 1640 3558 fore’
1686 3496 2151 3559 demonstrabat.
2236 3497 2407 3556 Laeta
2447 3497 2627 3575 igitur
2666 3496 2857 3566 curia,
2894 3505 2959 3555 et

723 3582 810 3618 ¹¹¹·
835 3573 917 3620 ¹⁶·
1045 3595 1276 3673 majora
1313 3593 1660 3666 meditante,
1684 3593 2253 3654 senatusconsultum
2286 3592 2364 3653 de
2400 3591 2679 3674 praesidio
2706 3590 2956 3662 factum,
3000 3619 3007 3626 ·

1047 3701 1066 3728 ‘
1091 3691 1178 3751 uti
1213 3690 1290 3752 C.
1317 3691 1550 3762 Pansa,
1577 3688 1665 3751 A.
1695 3690 1960 3762 Hirtiae,
1984 3689 2255 3750 consules
2286 3688 2605 3768 designati,
2630 3687 2777 3747 dent
2810 3707 2956 3768 ope·

1043 3807 1174 3848 ram
1221 3797 1290 3848 ut
1331 3797 1572 3850 senatus
1617 3785 1915 3847 Kalendis
1958 3786 2259 3847 Januariie
2302 3794 2435 3846 tuto
2476 3784 2683 3845 heberi
2728 3783 2959 3864 possit!

1046 3882 1323 3957 Interim,
1369 3885 1614 3945 rescissa
1662 3885 1969 3945 sortitione
2018 3882 2299 3954 Antonii,
2344 3881 2575 3962 placuit
2624 3881 2959 3961 provincias

755 3987 864 4038 Cic.
884 3986 947 4037 ad
1045 4001 1280 4042 manere
1321 3981 1483 4063 apud
1525 3980 1634 4040 bos
1678 3981 1783 4062 qui
1820 3978 2192 4050 obtinebant,
2236 3997 2430 4058 neque
2474 3975 2630 4038 tradi
2670 3977 2954 4056 cuiquam

719 4053 985 4168 {ffikffss
1046 4080 1154 4140 nisi
1178 4081 1350 4160 jussu
1384 4087 1638 4139 senatus.

1172 4297 1204 4344 7
1241 4293 1304 4342 In
1325 4293 1661 4358 malpha
1681 4291 1807 4343 edd.
1825 4298 1953 4344 ante
1975 4291 2131 4342 Crev.
2197 4291 2276 4341 Ex
2300 4289 2415 4340 Cic.
2438 4285 2673 4338 correxit
2698 4287 2856 4338 Crev.

1173 4363 1206 4407 8
1243 4359 1325 4407 Its
1347 4373 1414 4408 ex
1441 4361 1554 4412 Cic.
1572 4359 1740 4408 edidit
1762 4357 1917 4407 Crev.
1941 4372 2038 4422 pro
2060 4357 2223 4407 Servii
2246 4358 2297 4406 in
2316 4355 2439 4406 edd.
2465 4355 2650 4420 priorr.

1174 4427 1208 4473 9
1245 4424 1431 4480 Quibus
1453 4439 1548 4489 pro
1571 4442 1663 4488 quo
1686 4424 1959 4489 legebatur
1977 4428 2099 4473 ante
2122 4423 2277 4474 Crev-
