3300 5234
822 562 1027 611 muni
1078 560 1295 612 cxvi.
1340 560 1984 612 soranum-urum.
2331 542 2508 611 5355

271 703 595 775 extulerat,'
630 722 789 784 quae.
809 712 873 764 et
906 705 1036 787 ipsa
1079 725 1173 767 res
1212 712 1345 787 post
1378 724 1582 765 necem
1618 702 1874 765 Caesaris
1915 704 1974 763 in
2010 722 2180 763 omen

274 810 472 861 tracta
494 809 604 861 est.
690 800 813 861 Sed
840 798 965 874 ille,
991 803 1115 862 sive
1139 801 1617 883 praedictionibus
1654 800 1886 882 spretis,
1923 800 2050 861 sive
2075 798 2179 858 de-

272 896 547 959 functum
571 918 635 957 se
661 897 926 980 periculo
952 908 1185 979 putans,
1212 899 1271 957 in
1314 898 1463 958 alias
1500 898 1890 977 cogitationes
1913 895 2180 956 intende·
2206 900 2408 949 Sueton.

274 1003 373 1055 rat
402 995 701 1065 animum3
746 996 830 1054 ita
855 1015 1115 1067 securus,
1142 1005 1209 1055 ut
1237 996 1425 1056 visum
1463 994 1637 1067 forte,
1660 994 1802 1054 dum
1828 995 1890 1053 in
1914 1002 2181 1053 senatum
2207 966 2340 1080 ἓξὲξ·
2362 964 2490 1015 0⁸³⁸·

275 1092 492 1173 pergit,
544 1090 905 1179 Spurinnam
955 1092 1201 1152 haberet
1244 1090 1525 1163 ludibrio,
1584 1100 1603 1127 ‘
1633 1091 1862 1151 venisse
1885 1090 1905 1125 ²
1955 1088 2181 1161 dicens,
2244 1094 2356 1145 val.
2373 1094 2511 1146 Max·

276 1198 297 1223 τ
324 1188 585 1249 Martias
607 1187 798 1249 muse
880 1188 1091 1269 Atque
1116 1188 1245 1261 ine,
1284 1198 1303 1225 ⁴
1331 1189 1557 1251 venisse
1580 1188 1845 1270 quidem,
1885 1185 1991 1249 aed
2034 1204 2182 1247 non·
2209 1174 2332 1209 ω’·
2359 1164 2440 1211 ¹¹·

276 1285 425 1347 dum
451 1288 803 1367 praeterisse’
827 1287 1149 1368 respondit.

359 1390 461 1445 54.
506 1383 981 1445 Exscendentem
1016 1404 1053 1445 e
1090 1383 1304 1445 lectica
1350 1382 1658 1445 Cresarem‘
1687 1381 1835 1443 Sex.
1880 1379 2185 1461 Popillius
2241 1398 2513 1449 PlunBrut.

278 1478 497 1541 Laenas
518 1490 743 1543 secreto
761 1476 1025 1541 sermone
1052 1479 1155 1541 diu
1180 1479 1474 1541 detinuit:
1516 1478 1674 1539 un'de
1695 1478 1906 1537 iterum
1932 1476 2184 1537 formido
2209 1472 2260 1514 0‘
2276 1464 2495 1529 APPW·

276 1577 553 1649 consciis,
590 1597 665 1637 ne
702 1576 955 1637 consilia
994 1598 1103 1637 sua
1139 1575 1539 1657 proderentur.
1624 1572 1797 1635 Nam
1829 1594 1904 1633 ea
1941 1574 2186 1653 quidem

277 1674 339 1732 in
378 1694 441 1733 re
477 1684 689 1754 praeter
714 1682 1009 1734 assuetam
1052 1674 1281 1753 magnis
1324 1673 1480 1733 ausis
1518 1655 1996 1753 trepidationem,
2037 1670 2190 1729 miro

278 1770 497 1847 gemini
526 1772 735 1831 erroris
758 1769 1018 1831 ludibrio
1042 1769 1466 1851 propemodum
1492 1769 1603 1850 ipsi
1626 1769 1985 1829 detexerunt
2009 1766 2188 1825 animi

277 1867 595 1927 dominata.
679 1868 885 1929 Paulo
922 1868 1079 1928 enim
1122 1876 1259 1927 ante
1306 1866 1519 1927 Cascae
1563 1865 1806 1947 quidam
1858 1862 2186 1934 familiaris,

276 1963 385 2023 sed
410 1964 591 2043 hujus
615 1963 843 2025 consilii
870 1983 1108 2045 expers,
1146 1964 1434 2045 prehensa
1458 1966 1591 2043 ejus
1618 1983 1819 2035 manu,
1846 1969 1864 1999 ‘
1883 1960 1979 2020 Tu
2003 1959 2190 2029 νει-οξ

276 2062 495 2141 inquit,
519 2070 537 2097 ‘
569 2080 675 2121 nos
698 2059 909 2121 celasti
928 2060 1005 2121 de
1035 2080 1272 2131 arcano,
1299 2060 1403 2120 sed
1423 2060 1646 2121 Brutus
1673 2059 1842 2120 nobis
1865 2057 2192 2139 expromsit

278 2158 521 2217 omnia!
604 2157 690 2217 Et
716 2158 825 2217 nisi
867 2158 1048 2239 paulo
1087 2166 1241 2239 post,
1268 2166 1541 2239 stupente
1569 2157 1790 2227 Casca,
1817 2156 2187 2235 subjecisset,

279 2261 299 2289 ‘
332 2252 513 2314 Unde
542 2254 719 2333 igitur
744 2274 832 2314 eae
859 2254 971 2316 tibi
996 2255 1196 2314 subito
1230 2274 1394 2335 opes,
1422 2262 1489 2314 ut
1524 2255 1787 2333 cogitare
1815 2252 1972 2312 ausis
1997 2250 2187 2310 aedili-

276 2357 465 2411 tatem
488 2350 549 2409 ?'
590 2352 896 2411 minimum
934 2351 1160 2423 aberat,
1198 2352 1343 2431 quin
1388 2349 1585 2411 Casca
1618 2372 1743 2411 rem
1777 2368 2012 2411 omnem
2055 2356 2188 2407 tan-

278 2468 461 2529 quam
489 2468 671 2527 gnaro
699 2450 970 2530 aperiret.

358 2552 460 2605 55.
507 2545 595 2604 Et
618 2544 874 2605 Brutum
900 2554 1081 2625 atque
1109 2543 1383 2606 Cassium
1424 2544 1745 2625 impensius
1765 2542 2032 2602 salutans
2057 2541 2187 2600 Po·

276 2640 505 2722 pillius,
556 2642 897 2722 priusquam
946 2641 1139 2702 adiret
1191 2642 1511 2712 Caesarem,
1572 2639 1733 2701 clam
1785 2637 2189 2707 insusurravit,

278 2748 297 2773 ⁶
322 2746 532 2820 optare
559 2758 903 2819 prosperum
943 2746 1219 2799 eventum
1252 2738 1662 2817 cogitatorum.
1751 2733 1875 2795 Sed
1914 2754 2194 2795 emanare

274 2856 403 2896 rem
427 2854 445 2895 ε
509 2828 931 2917 properarent!
1034 2834 1225 2896 Hunc
1266 2836 1443 2915 igitur
1484 2855 1619 2895 cum
1673 2832 1914 2893 Caesare
1963 2832 2190 2892 tamdiu

276 2931 721 3013 colloquentem
748 2932 1017 3014 profecto
1033 2931 1264 2993 deferre
1284 2932 1567 2993 indicium
1588 2932 1890 2992 rebantur.
1974 2928 2058 2990 Et
2083 2928 2191 2988 ad-

280 3030 607 3089 movebant
630 3028 897 3091 nonnulli
916 3031 1027 3089 sub
1044 3040 1185 3108 toga
1201 3030 1553 3109 pugionibus
1571 3047 1804 3098 manus,
1833 3024 2193 3086 interfecturi

277 3126 623 3207 semetipsos
662 3128 1005 3208 priusquam
1044 3125 1715 3207 comprehenderentur:
1745 3144 1895 3193 ,cum
1947 3121 2190 3196 Brutus,

278 3223 655 3283 considerato
682 3226 964 3284 attentius
990 3224 1250 3285 Laenatis
1272 3232 1461 3302 gestu,
1490 3242 1693 3303 preces
1711 3240 1868 3291 eum,
1897 3240 2012 3279 non
2039 3218 2194 3279 indi·

278 3320 437 3381 cium
465 3319 695 3383 deferre
718 3323 1063 3400 conjicienS,
1091 3321 1235 3400 quia
1273 3320 1526 3379 sermoni
1569 3338 1688 3378 nou
1715 3324 1846 3376 erat
1877 3316 2065 3388 leone,
2101 3316 2192 3375 hi-

279 3415 481 3477 lariori
514 3416 729 3477 intuitu
755 3417 1015 3479 advertit
1039 3416 1334 3487 Cassium,
1366 3424 1429 3476 et
1464 3436 1501 3475 a
1536 3436 1598 3476 re
1624 3412 2062 3496 praecipitanda
2085 3414 2192 3471 ab·

280 3511 483 3573 duxit.
2271 3530 2282 3543 '

363 3616 465 3671 56.
510 3610 757 3671 Interim
786 3609 1119 3670 Antonium
1158 3602 1271 3690 pro
1292 3607 1519 3668 foribus
1550 3608 1729 3667 curioe
1768 3605 1846 3666 C.
1865 3605 2196 3665 Trebonius
2217 3529 2444 3709 Ἠὲέῑῗᾶ

282 3706 463 3787 longo
498 3728 765 3767 sermone
810 3706 1119 3768 distinuit:
1162 3706 1287 3766 sive
1330 3725 1405 3764 ne
1445 3705 1637 3787 perire
1677 3704 1974 3787 Cmarem
2014 3702 2194 3761 homo
2217 3725 2417 3774 Fama.
2433 3728 2520 3776 23,

282 3802 665 3885 praevalidus‚
687 3812 750 3864 et
771 3806 1085 3884 majestate
1110 3801 1451 3863 consulatus
1469 3808 1751 3869 armatus,
1775 3799 2016 3879 impune
2039 3797 2194 3857 sine·
2217 3789 2521 3905 θξίξίιιὲιῐό·

282 3910 407 3970 ret3
452 3902 581 3962 sive
626 3922 703 3963 ne
746 3902 871 3982 ipse
917 3902 1155 3983 periret.
1240 3898 1467 3961 Fuerat
1499 3900 1658 3958 enim
1684 3896 2019 3957 dubitatum
2049 3894 2194 3975 quid
2221 3860 2520 3969 Imago„

286 3997 563 4059 Antonio
587 3998 719 4059 fieri
753 4006 1069 4078 oporteret.
1152 3996 1483 4057 Nonnullis
1519 3996 1688 4055 illum
1718 4012 1978 4075 quoque,
2005 3990 2109 4051 sed
2135 3998 2198 4050 et
2219 3984 2430 4098 {tigna
2451 3990 2506 4033 Θ*

286 4094 581 4178 Lepidum
604 4095 739 4157 tolli
754 4097 1132 4175 jubentibus,
1158 4096 1357 4155 mitior
1380 4093 1674 4154 sententia
1691 4093 1858 4154 vicit.
1922 4088 2200 4151 Nolebat
2221 4112 2342 4164 Dio.

287 4192 515 4255 Brutus
566 4203 584 4230 ‘
613 4214 951 4275 quenquam
1002 4203 1217 4275 proeter
1263 4191 1563 4254 Caesarem
1608 4189 1829 4260 occidi,
1878 4208 2000 4269 quo
2047 4184 2196 4247 nihil
2220 4176 2514 4307 Ξὲῑζιέηῐ·
2537 4178 2550 4187 ’

286 4290 450 4353 aliud
488 4313 526 4351 a
566 4313 629 4353 se
657 4294 933 4374 petitum,
960 4312 1143 4373 quam
1180 4291 1539 4362 libertatem,
1576 4290 1706 4371 ipso
1730 4307 1908 4370 opere
1949 4286 2193 4347 demon·
2219 4307 2520 4359 vellana.
