3300 5234
766 577 945 646 5180

1731 591 1801 641 T.
1851 593 2040 642 mvn

1092 755 1279 800 uncus
1300 736 1587 818 expulsus
1610 733 1849 808 finibus,
1887 735 2142 796 nudatus
2163 735 2450 808 exercitu,
2474 753 2699 809 errans,
2725 733 3001 796 latitans-

1094 855 1236 916 que,
1256 834 1317 896 in
1344 843 1639 895 extremes
1667 832 2006 894 Galliarum
2031 841 2230 915 partes
2255 831 2566 914 profugere
2591 839 2918 911 cogeretur.

1178 938 1279 991 20.
1324 929 1433 990 Ad
1472 931 1736 1012 quinque
1773 929 1956 991 ferme
1996 930 2299 990 hominum
2339 929 2532 989 millia
2563 927 2645 988 ed
2675 927 3004 1010 Drupetem

1098 1029 1389 1090 Senonem
1414 1048 1495 1088 ex
1534 1027 1680 1108 fuge
1717 1037 2158 1090 convenerunt:
2199 1047 2336 1088 cum
2370 1026 2587 1108 quibus
2621 1024 2728 1086 ille
2761 1027 3002 1107 provin-

1094 1127 1249 1188 ciam
1272 1137 1405 1188 erut
1426 1127 1740 1208 petiturus,
1767 1132 2024 1186 assumto
2047 1127 2228 1186 etiem
2259 1125 2496 1186 Luterio
2517 1123 2818 1196 Cadmeo,
2843 1143 3005 1184 sum-

1096 1241 1211 1284 mae
1238 1223 1509 1284 audacie
1532 1224 1686 1284 viro.
1742 1223 1936 1302 Igitur
1956 1222 2222 1284 Romani
2247 1222 2451 1294 duces,
2477 1221 2688 1282 divisis
2711 1221 3006 1302 pertibus,

1098 1318 1177 1379 C.
1206 1318 1497 1380 Caninius
1520 1321 1583 1380 in
1626 1320 1990 1401 provinciam
2031 1318 2358 1390 contendit,
2391 1327 2461 1378 ut
2499 1318 2593 1390 his
2629 1325 3003 1387 occurreretg

1100 1415 1177 1476 G.
1209 1414 1433 1476 Fabius
1456 1417 1517 1476 in
1544 1411 1860 1490 Carnutes,
1901 1416 2276 1497 reliquusque
2314 1416 2590 1476 civitates
2610 1434 2750 1496 quae
2773 1415 3010 1476 auxilia

1101 1513 1421 1574 Dumnaco
1464 1514 1764 1586 miserant,
1807 1516 2093 1595 impetum
2133 1513 2297 1574 fecit.
2381 1513 2592 1594 Atque
2627 1512 2750 1572 illae
2784 1513 3008 1574 viribus

1100 1610 1332 1681 accisis,
1360 1619 1577 1671 terrore
1604 1622 1805 1683 aucto,
1833 1611 1990 1672 datis
2023 1611 2332 1672 obsidibus
2367 1611 2640 1673 celeriter
2665 1611 2724 1670 in
2750 1609 3008 1672 deditio-

1100 1728 1234 1770 nem
1259 1719 1564 1770 veuerunt.
2394 1785 2399 1790 Ι

1178 1813 1281 1866 21.
1324 1806 1421 1867 At
1445 1807 1689 1888 Drapes
1710 1800 1784 1867 ¹et
1825 1807 2096 1867 Luterius
2137 1806 2596 1868 Uxellodunum
2619 1807 2682 1866 in
2709 1803 3010 1867 Cadur-cis

1100 1903 1545 1963 munitissimum
1580 1903 1867 1985 oppidum
1898 1913 2283 1986 occuparant.
2370 1903 2601 1963 Eodem
2625 1911 2692 1962 et
2715 1901 3010 1963 Caninius

1098 2019 1236 2059 eum
1258 1998 1491 2060 duabus
1524 1999 1854 2080 legionibus
1890 1999 2179 2082 procedit,
2221 2001 2470 2080 visoque
2510 1998 2630 2060 loci
2655 2000 2795 2073 situ,
2819 1999 3013 2061 tribus

1088 2099 1261 2158 circa
1284 2098 1495 2158 castris
1516 2099 1746 2178 positis,
1775 2098 2064 2178 paulatim
2081 2097 2508 2159 munitionibus
2529 2095 2810 2157 claudere
2833 2098 3008 2178 oppi-

1098 2193 1243 2254 dum
1290 2194 1565 2254 instituit.
1652 2193 1807 2254 Eret
1851 2195 1912 2254 in
1957 2195 2170 2254 animis
2217 2193 2481 2254 omnium
2524 2211 2730 2254 recens
2775 2190 3010 2254 Alesia

1096 2290 1449 2351 calamites:
1492 2289 1767 2371 ideoque,
1802 2300 1870 2351 ut
1906 2292 1992 2351 rei
2035 2291 2432 2350 frumentaria
2475 2290 2632 2350 ratio
2669 2289 3010 2364 baberetur,

1103 2383 1340 2468 Drnpes
1364 2396 1426 2447 et
1454 2386 1747 2459 Luterius‚
1773 2387 2008 2448 modico
2033 2387 2096 2446 in
2123 2387 2272 2446 urbe
2289 2385 2498 2446 relicto
2523 2385 2818 2467 praesidio,
2843 2395 3008 2448 cete—

1098 2502 1197 2544 ras
1220 2484 1423 2566 copias
1447 2483 1730 2544 frumenti
1754 2481 2164 2565 comportendi
2191 2502 2372 2544 ceusu
2387 2481 2671 2543 educunt.
2743 2481 2823 2542 Id
2846 2503 3010 2556 cum,

1096 2581 1304 2641 cestris
1328 2581 1483 2640 intra
1506 2579 1802 2640 decimum
1829 2579 2084 2640 milliare
2111 2579 2338 2660 positis,
2366 2599 2470 2660 per
2489 2587 2770 2658 angustas
2785 2579 3014 2660 sylves-

1096 2685 1333 2756 tresque
1358 2678 1602 2737 semitas
1626 2679 1690 2736 in
1715 2675 2000 2758 oppidum
2027 2678 2345 2758 importare
2369 2676 2720 2756 coepissent3
2763 2677 3014 2757 strepitu

1096 2773 1408 2852 prodente,
1434 2792 1473 2831 n
1514 2771 1774 2833 Caninio
1817 2773 1928 2834 sub
1969 2773 2160 2853 ipsam
2193 2770 2390 2832 lucem
2424 2781 2562 2831 sunt
2603 2772 3013 2834 circumventi.

1103 2867 1397 2939 Luterius,
1424 2869 1529 2948 qui
1568 2889 1707 2929 cum
1747 2867 2268 2929 frumentatoribus
2305 2877 2456 2940 eret,
2495 2887 2634 2929 eum
2677 2869 2888 2949 paucis
2926 2869 3015 2930 itu.

1099 2963 1331 3044 effugit,
1376 2973 1441 3024 ut
1480 2983 1686 3024 eorum
1727 2983 1901 3024 nemo
1943 2966 2004 3024 in
2049 2974 2250 3026 castre
2301 2973 2711 3026 reverteretur.
2815 2963 3012 3043 Igitur

1101 3059 1363 3140 Drnpes,
1392 3061 1629 3138 ignarus
1655 3061 1938 3130 omnium,
1957 3062 2152 3121 subito
2171 3060 2486 3121 Germanis
2507 3061 2864 3122 irruentibus
2887 3070 3014 3122 tur-

1100 3156 1277 3215 batur
1296 3177 1311 3216 :
1330 3142 1337 3150 ’
1354 3156 1527 3215 multi
1570 3156 1922 3218 occiduntur
1957 3156 2246 3218 hostium:
2287 3158 2492 3228 ceteri,
2535 3165 2716 3238 utque
2743 3158 3013 3238 inprimis

1102 3253 1225 3334 ipse
1266 3253 1416 3328 dux,
1466 3255 1801 3336 capiuntur.
1885 3253 2176 3318 Caninius
2215 3254 2294 3315 ad
2335 3255 2708 3316 obsidionem
2749 3251 3012 3315 Uxello-

1102 3348 1247 3408 duni
1270 3349 1459 3410 redit:
1502 3351 1712 3412 eodem
1740 3361 1802 3410 et
1837 3349 2061 3436 Fabius
2095 3349 2331 3412 accedit
2355 3351 2656 3432 postridie.
2745 3351 2850 3412 Ita
2873 3351 3010 3432 plu-

1105 3447 1265 3506 ribus
1288 3467 1365 3506 ex
1396 3448 1664 3528 partibus
1687 3467 1872 3528 opera
1897 3448 2398 3509 administrantur.

1184 3551 1285 3604 22.
1332 3545 1575 3606 Interea
1602 3547 1830 3618 Caesnr,
1857 3546 2070 3607 relicto
2105 3549 2166 3606 in
2205 3541 2550 3608 Bellovacis
2575 3556 2865 3627 quaestore
2917 3545 3011 3608 Μ.

1105 3642 1396 3714 Antonio,
1440 3642 1736 3705 Carnutes
1781 3643 1951 3715 adiit,
1993 3646 2470 3724 concitoremque
2507 3643 2654 3703 belli
2703 3643 3011 3704 Guturvu—

1102 3748 1229 3799 tum
1274 3739 1567 3820 supplicio
1612 3741 1834 3801 affecit.
1947 3740 2212 3820 Cognita
2256 3740 2474 3803 deinde
2523 3742 2744 3802 crebris
2789 3742 3016 3802 nuntiis

1106 3835 1684 3896 Uxellodunensium
1731 3837 2092 3918 pervicacia,
2134 3837 2482 3898 faciundum
2517 3839 2634 3898 sibi
2673 3838 2904 3908 statuit,
2947 3848 3016 3898 ut

1102 3933 1229 4013 ipse
1252 3953 1329 3994 eo
1354 3933 1856 4015 proficisceretur:
1898 3954 1996 4006 ne,
2033 3937 2084 3995 si
2111 3955 2290 3996 unum
2325 3936 2616 4017 oppidum
2657 3934 2880 3995 diutius
2919 3955 3014 3995 re-

1102 4030 1365 4102 stitisset,
1417 4033 1750 4092 universam
1801 4031 2070 4093 Galliam
2117 4032 2196 4094 nd
2239 4035 2392 4094 vires
2437 4035 2650 4094 iterum
2693 4029 3016 4093 tentandas

1103 4125 1448 4189 solicitnret.

1185 4229 1286 4284 23.
1330 4224 1670 4304 Postquam
1723 4223 2180 4286 Uxellodunum
2230 4224 2436 4287 Caesar
2469 4225 2657 4296 venit,
2705 4225 3017 4307 inspeetis-

1106 4340 1223 4398 que
1246 4322 1539 4390 omnibus,
1568 4322 1746 4380 situm
1772 4321 1890 4382 loci
1909 4323 2451 4402 inexpugnabilem,
2481 4322 2754 4382 frumenti
2777 4322 3018 4402 copiam

1106 4416 1169 4475 in
1217 4417 1457 4496 longum
1504 4428 1736 4498 ternpus
1777 4418 2090 4500 oppidanis
2129 4429 2468 4502 suppetere,
2499 4438 2608 4480 nec
2649 4419 2844 4478 omitti
2889 4439 3016 4480 rem
