3300 5234
496 968 2380 1097 SUPPLEMENTUM

1136 1260 1414 1327 LIBRI
1485 1260 1766 1329 cxvl.

955 1468 1950 1575 HlsToRIARUM

698 1760 818 1851 Τ.
926 1762 1317 1852 LIVII
1430 1760 1992 1851 PATAVI
2017 1762 2220 1852 NI.

331 2308 394 2363 1·
421 2300 1024 2391 HISPANIBNSBM
1062 2328 1321 2393 Coesaris
1362 2330 1747 2412 triumphum,
1783 2349 1924 2401 non,
1965 2329 2051 2391 uti
2094 2347 2237 2391 con-
2260 2327 2394 2381 ΡΜ·
2411 2326 2542 2381 Cos.

330 2434 627 2497 sueverat,
670 2424 875 2487 laetum
901 2427 1149 2509 populo,
1185 2426 1291 2487 sed
1326 2427 1708 2509 peracerbum
1741 2424 1916 2487 fuisse
1955 2424 2236 2487 tradunt:

330 2522 481 2602 quia
514 2522 625 2585 sub
654 2520 1067 2605 Hispanorum
1099 2526 1564 2607 praescriptione,
1598 2544 1716 2584 non
1745 2521 1822 2584 de
1859 2542 2000 2603 rege
2032 2522 2236 2603 aliquo

330 2628 439 2679 aut
476 2620 827 2701 imperatore
870 2622 1147 2695 barbaro,
1190 2622 1297 2683 sed
1340 2630 1543 2707 aperte
1577 2620 1656 2683 de
1701 2621 1853 2682 civis
1895 2618 2239 2703 amplissimi

332 2715 535 2790 modo,
562 2738 704 2782 mox
732 2719 1059 2792 miserrimi,
1086 2740 1367 2802 oppressa
1382 2718 1568 2781 ⁴domo
1591 2718 1948 2793 ducebatur,
2017 2716 2236 2797 Itaque
2261 2724 2562 2802 Vennum.

327 2831 441 2873 nec
465 2824 787 2896 apparatus
817 2820 975 2893 (erat
1009 2824 1209 2877 autem
1244 2836 1323 2877 ex
1360 2824 1604 2896 argento
1628 2814 1820 2895 rasili)
1857 2834 1970 2875 nec
1997 2812 2238 2897 epulum
2261 2790 2380 2851 ”²⁰⁹
2400 2804 2563 2848 '‘m''

328 2909 493 2989 quod
534 2911 760 2993 populo
803 2911 991 2987 dedit,
1036 2913 1167 2994 pari
1205 2912 1517 2995 voluptate
1562 2912 1892 2993 laetitiaque
1935 2908 2240 2973 celebrata

326 3016 505 3070 aunt:
549 3027 894 3089 quanquam
922 3008 1046 3071 duo
1071 3008 1417 3091 praebuisset
1442 3008 1717 3091 prandia,
1752 3008 1898 3089 quia
1921 3006 2084 3089 prius
2099 3026 2238 3088 par·
2295 3004 2498 3054 Susum.

325 3102 456 3163 cius
490 3111 672 3184 atque
712 3105 947 3165 tenuius
988 3125 1169 3189 quam
1204 3126 1313 3189 pro
1350 3126 1459 3167 sua
1488 3104 1852 3167 liberalitate
1887 3106 2236 3165 instructum
2261 3067 2394 3121 ω’·
2415 3085 2460 3119 ⁰·
2478 3069 2564 3119 ’θ’

326 3199 682 3265 crediderat.
762 3200 920 3263 Tum
963 3222 1200 3285 quoque
1247 3202 1607 3263 frumentum
1653 3202 1878 3285 populo
1915 3200 2238 3273 distribuit,

326 3317 402 3361 ne
445 3296 594 3380 quid
632 3296 1087 3377 magnificentia
1128 3298 1383 3360 deesset.
1467 3298 1666 3360 Porro
1705 3308 1840 3379 post
1877 3297 2238 3380 triumphum
2267 3296 2393 3375 Dio..

326 3392 665 3455 consularia
697 3394 943 3455 comitia
974 3395 1207 3467 habuit,
1246 3394 1599 3475 suffecitque
1636 3396 1752 3455 sibi
1791 3395 1852 3455 in
1889 3404 2008 3455 tres
2041 3394 2240 3455 novis-
2263 3360 2564 3428 F⁸⁸⁸²c⁸¹²¹¹⁶

324 3490 507 3551 simos
545 3508 775 3551 menses
800 3492 919 3569 (tot
942 3492 1101 3551 enim
1124 3495 1499 3572 supererant)
1529 3492 1616 3560 Q.
1648 3490 1906 3551 Fabium
1932 3490 2018 3558 Q.
2048 3490 2120 3551 F.
2151 3490 2237 3557 Q.
2267 3476 2498 3591 0⁸⁰⁰?ss

324 3584 419 3647 N.
452 3584 817 3661 Maximum,
852 3587 929 3648 C.
955 3585 1319 3648 Trebonium
1347 3586 1425 3649 C.
1456 3586 1529 3646 1².
1572 3594 1742 3647 tanta
1777 3584 2018 3667 quidem
2045 3584 2240 3665 indig-
2264 3556 2422 3657 0:8⁸5.
2485 3572 2501 3588 ’

325 3683 565 3743 natione
586 3684 812 3765 populi,
839 3693 1097 3746 veterem
1119 3703 1341 3745 morem
1366 3684 1577 3745 iterum
1599 3682 1813 3745 violari
1837 3702 1954 3744 non
1975 3680 2238 3753 ferentis,

325 3788 397 3841 ut
424 3780 513 3847 Q.
542 3780 737 3843 Fabio
761 3782 1054 3843 theatmm
1082 3782 1435 3855 introeunte,
1476 3801 1615 3841 cum
1644 3780 1820 3842 lictor
1848 3777 2242 3840 animadverti

324 3896 408 3937 ex
434 3864 595 3939 more
611 3880 907 3959 jussisset,
932 3878 1187 3941 universi
1212 3878 1693 3950 reclamaverint,
1737 3886 1755 3915 ⁶
1787 3898 1904 3938 non
1941 3896 2068 3937 ease
2104 3896 2240 3940 eum

324 3975 671 4039 consulem?

407 4079 469 4133 2.
510 4072 904 4156 Triumphum
941 4072 1121 4134 etiam
1165 4072 1361 4135 eidem
1392 4073 1609 4145 Fabio,
1646 4071 1752 4133 sed
1793 4079 1856 4131 et
1897 4070 1984 4138 Q.
2015 4066 2240 4140 Pedio,
2263 4066 2382 4121 Dio·

327 4166 544 4248 legatis
592 4170 735 4241 auis,
781 4168 1221 4231 decernendum
1269 4171 1505 4231 curavit
1552 4189 1633 4231 ex
1687 4166 2017 4249 Hispania,
2068 4166 2242 4246 quasi

326 4286 539 4347 parum
589 4266 799 4329 fuisset
840 4268 1025 4329 semel
1076 4267 1413 4329 traductam
1466 4288 1594 4328 esse
1639 4266 1906 4329 civilium
1949 4282 2244 4325 armorum

330 4361 772 4427 calamitatem:
816 4384 1159 4447 quanquam
1185 4364 1333 4425 nihil
1359 4364 1451 4427 illi
1474 4365 1595 4427 suis
1619 4362 1899 4445 auspiciis
1921 4368 2240 4441 gesserant.
