3300 5234
819 562 996 629 5014

1792 584 1861 635 Τ.
1907 584 2098 633 mvn

1066 788 1082 795 ,
1149 726 1285 787 orti.
1367 725 1463 787 At
1485 726 1761 789 dextrum
1782 727 1989 789 Rheni
2014 726 2191 798 latus,
2217 724 2379 805 quod
2406 723 2745 785 Germaniae
2771 725 3049 806 praetexi-

1145 832 1265 896 tur,
1291 824 1532 887 incertae
1555 824 1701 886 olim
1726 825 2101 907 possessionis
2116 823 2267 894 fuit3
2310 842 2499 903 eoque
2520 816 2733 884 n‘otitia
2752 823 2913 882 illius
2939 823 3051 882 ob-

1146 921 1388 981 scurior.
1473 919 1730 981 Rhenus
1768 922 1891 1002 ipse
1918 941 1957 981 a
1981 918 2283 981 Rhaetieis
2308 919 2571 1001 Alpibus
2604 928 2669 979 et
2692 927 2891 979 monte
2916 918 3051 980 Go-

1145 1018 1343 1079 thardi
1367 1038 1474 1099 per
1501 1018 1756 1099 abrupta
1778 1018 2095 1079 devolutus
2122 1017 2467 1078 Curiensem
2495 1036 2701 1095 agrum
2724 1016 3048 1097 percurrit;

1147 1134 1290 1174 mox
1327 1114 1476 1175 duos
1510 1112 1692 1176 efficit
1717 1115 1906 1187 lacus,
1934 1114 2265 1175 Acronium
2289 1122 2353 1173 et
2376 1112 2717 1173 Venetumt
2758 1112 2899 1172 hinc
2920 1132 3050 1173 mo-

1147 1210 1284 1271 dico
1309 1208 1472 1271 flexu
1499 1211 1558 1271 in
1583 1210 1953 1273 occidentem
1979 1210 2233 1292 pronior,
2265 1207 2447 1291 jux‘ta
2470 1207 2787 1269 Rauracos
2810 1208 2890 1269 ad
2914 1228 3052 1289 sep-

1147 1308 1491 1367 temtriones
1537 1308 1718 1379 redit,
1772 1328 1979 1387 agrum
2022 1306 2377 1367 Helvetium
2418 1325 2456 1366 a
2488 1305 2857 1367 Germanico
2896 1304 3050 1367 divi-

1147 1402 1292 1463 dens
1313 1422 1329 1463 τ
1357 1424 1494 1485 quae
1521 1424 1614 1464 res
1629 1404 1777 1465 olim
1796 1405 2095 1485 perpetuis
2116 1401 2367 1464 duarum
2386 1402 2649 1482 gentium
2668 1400 2849 1462 bellis
2872 1422 3051 1464 occa-

1147 1500 1342 1560 siones
1367 1500 1640 1581 praebuit.
1708 1499 1851 1562 Nec
1877 1500 1999 1560 alia
2022 1502 2211 1579 major
2242 1520 2425 1560 causa
2448 1498 2582 1570 fuit,
2608 1518 2715 1559 cur
2744 1498 3051 1570 Helvetii,

1147 1594 1385 1656 sedibus
1425 1597 1544 1657 suis
1578 1597 1853 1670 incensis,
1889 1596 2039 1657 alias
2072 1596 2430 1657 instituerint
2451 1598 2513 1656 in
2540 1593 2753 1657 Gallia
2790 1596 3055 1657 interiori

1147 1684 1431 1773 quaere're.

1227 1796 1289 1850 8.
1334 1788 1432 1850 Ibi
1456 1791 1592 1869 jam
1631 1790 1956 1873 antiquitus
1996 1791 2227 1853 initium
2265 1790 2605 1852 Germaniae
2645 1790 2795 1851 fuit:
2838 1789 2941 1851 sed
2973 1810 3057 1851 ea

1147 1870 1286 1946 loca
1309 1887 1518 1949 incerti
1553 1897 1722 1950 erant
1734 1890 1911 1968 juris,
1939 1888 2100 1971 quod
2126 1909 2281 1950 nunc
2308 1909 2347 1949 a
2372 1887 2573 1949 Gallis
2598 1888 3051 1959 invadebantur,

1147 2002 1305 2044 nunc
1331 1986 1769 2066 recipiebantur
1795 2006 1836 2047 a
1862 1985 2197 2048 Germanis.
2257 1985 2358 2047 Ibi
2382 1985 2743 2048 Decumates
2768 1986 2895 2065 agri
2919 1984 3051 2045 fue-

1149 2088 1288 2139 runt
1313 2088 1522 2161 postea
1545 2089 1709 2142 trans
1743 2080 2027 2143 Rhenum
2065 2071 2567 2163 Danubiumque3
2610 2084 2785 2162 cujus
2821 2084 2881 2141 in
2913 2102 3055 2164 pro-

1149 2178 1372 2258 pinquo
1397 2178 1592 2239 fontes
1625 2188 1784 2252 sunt,
1813 2182 1915 2242 vix
1951 2180 2199 2242 duorum
2234 2180 2575 2241 milliarium
2604 2200 2642 2239 a
2677 2180 2807 2261 ripa
2844 2178 3051 2240 Rheni

1147 2276 1344 2356 spatio
1387 2274 1640 2337 diremti.
1725 2276 2075 2357 Hegoviam
2117 2286 2403 2339 nostrates
2440 2285 2683 2348 vocant,
2720 2278 3051 2358 oppositam

1150 2369 1573 2433 Helvetiorum
1597 2372 1935 2455 Turgaviae.
2021 2373 2193 2437 Infra
2228 2374 2575 2453 Hegoviam
2602 2374 2931 2453 Clecgovia
2945 2378 3051 2455 ja-

1147 2478 1266 2541 cet,
1297 2468 1600 2533 Martiano
1629 2492 1889 2543 nemore,
1919 2472 2107 2551 (quod
2132 2472 2463 2551 Hercyniae
2486 2471 2675 2552 sylvae
2700 2482 2881 2554 caput
2906 2474 3047 2549 est,)

1147 2573 1211 2625 et
1252 2552 1474 2627 Rhen'o
1509 2588 1684 2627 amne
1726 2568 2063 2628 terminata.
2150 2566 2227 2625 In
2272 2566 2389 2627 illis
2428 2568 2783 2646 regionibuS,
2824 2577 2888 2628 et
2913 2589 3050 2649 quae

1147 2648 1431 2746 praeterea
1455 2684 1640 2743 usque
1660 2662 1740 2723 ad
1762 2663 2074 2725 Cattorum
2100 2662 2251 2723 fines
2271 2663 2657 2736 descendunt,
2686 2665 3054 2727 Decumates

1147 2780 1320 2839 agros
1340 2759 1521 2821 fuisse
1548 2759 1838 2839 intelligo,
1872 2752 2079 2820 sinum·
2097 2762 2349 2842 imperii,
2378 2768 2441 2822 et
2476 2760 2791 2825 Rhaeticae.
2806 2766 3048 2844 provin-

1146 2858 1259 2918 ciae
1286 2866 1532 2938 partem.

1228 2961 1293 3014 9.·
1340 2952 1524 3013 Ultra
1563 2952 1671 3013 hos
1700 2952 1868 3015 catti
1912 2963 2225 3016 tenuerunt
2252 2956 2327 3016 iis
2364 2954 2603 3029 finibus,
2629 2958 2846 3038 quibus
2886 2977 3048 3019 nunc

1147 3048 1393 3130 Turingi
1426 3058 1582 3123 sunt,
1620 3049 1952 3134 Hassique‚
1980 3062 2043 3113 et
2080 3053 2157 3113 ad
2188 3052 2468 3114 Rhenum
2504 3052 2747 3115 fluvium
2774 3066 3050 3136 porrecta

1149 3146 1634 3229 Westphalorum
1665 3150 1872 3230 portio.
1956 3150 2179 3211 Eorum
2204 3171 2340 3232 pars
2376 3151 2677 3225 Mattiaci,
2706 3172 2840 3213 cum
2864 3152 3049 3213 Taci-

1149 3251 1244 3304 tus
1268 3245 1568 3318 scriberet,
1597 3244 1893 3307 Romanis
1918 3247 2163 3320 subditi,
2194 3248 2420 3309 dictum
2454 3248 2533 3309 ab
2568 3248 2792 3331 oppido
2820 3249 3048 3310 Mattio

1151 3360 1356 3419 agrum
1379 3341 1726 3404 coluerunt:
1768 3346 1941 3424 cujus
1972 3345 2179 3427 oppidi
2218 3366 2427 3406 nomen
2464 3345 2659 3407 adhuc
2700 3356 2762 3407 et
2794 3347 3049 3427 vestigia

1148 3456 1384 3499 servare
1409 3440 1600 3500 tenuis
1627 3440 1705 3501 ad
1732 3439 2047 3503 Adranam
2062 3444 2228 3504 vicus
2254 3444 2520 3505 traditur.
2581 3444 2656 3504 In
2684 3464 2885 3505 eorum
2902 3466 3047 3525 agro

1149 3534 1489 3596 calidissimi
1513 3536 1709 3597 fontes
1736 3538 2091 3612 visebantur,
2116 3560 2265 3622 quos
2293 3540 2472 3602 hodie
2497 3540 2713 3602 frustra
2748 3542 2855 3602 nisi
2884 3542 3046 3623 apud

1149 3632 1551 3694 Visbadenses
1599 3644 1809 3696 contra
1845 3636 2225 3715 Moguntiam
2271 3638 2415 3698 sitos
2455 3640 2736 3719 requiras.
2818 3637 3045 3723 Neque

1149 3750 1390 3792 moveor
1422 3731 1583 3812 quod
1619 3731 1780 3815 apud
1815 3734 2213 3795 Ptolemoeum
2247 3732 2525 3798 Mattiaci
2568 3747 2631 3797 et
2668 3738 3043 3817 Moguntiaci

1150 3827 1229 3889 ad
1266 3828 1458 3891 millia
1491 3850 1770 3912 passuum
1798 3840 2037 3892 centum
2071 3833 2442 3913 septuaginta
2469 3834 2727 3914 disjungi
2751 3833 3042 3897 videntur.

1150 3924 1294 3987 Nec
1334 3926 1490 3986 enim
1537 3926 1801 4006 ignotum
1844 3936 1957 4001 est,
2004 3948 2079 3989 ne
2120 3930 2345 3989 auctori
2384 3930 2624 4012 culpam
2664 3936 3042 4013 imputemus,

1147 4042 1329 4103 quam
1353 4022 1630 4104 proclivis
1647 4024 1727 4085 sit
1748 4024 1810 4085 in
1830 4026 1988 4086 notis
2000 4046 2391 4099 numerorum,
2420 4038 2599 4109 atque
2618 4030 2677 4089 in
2703 4030 2864 4090 illius
2889 4050 3043 4112 prae-

1147 4120 1322 4200 cipue
1373 4121 1671 4202 scriptoris
1720 4142 1919 4205 opere,
1970 4123 2243 4205 frequens
2288 4126 2657 4187 librariorum
2722 4130 3041 4191 aberratio.

1151 4214 1362 4277 Cattos
1385 4219 1618 4298 penitus
1641 4218 1819 4280 fuisse
1851 4220 2077 4281 deletos
2109 4222 2478 4302 quorundam
2501 4226 2703 4306 opinio
2730 4234 2850 4286 est:
2894 4228 3043 4289 mihi

1146 4312 1345 4373 verius
1368 4315 1624 4387 videtur,
1655 4315 1892 4378 Hassos
1916 4338 2071 4379 nunc
2097 4339 2241 4392 esse,
2271 4322 2377 4400 qui
2400 4321 2546 4384 olim
2574 4322 2739 4383 Catti
2764 4322 3035 4393 fuerunt3

1149 4426 1338 4491 neque
1377 4410 1542 4473 aliud
1571 4431 1819 4489 nomen,
1835 4414 1941 4477 sed
1970 4416 2374 4480 tantummodo
2411 4406 2884 4499 pronuntiatione
2919 4420 3039 4513 dif-
