3300 5234
746 575 923 644 4986
1705 599 1776 646 τ.
1827 573 2020 646 mvii

1071 736 1369 800 lestiorem
1410 739 1864 822 invisioremque
1907 741 2180 800 omuibus
2211 740 2465 802 reddat!
2481 745 2496 761 ‘
2549 737 2712 800 Haec
2745 739 2972 822 vocife-

1068 844 1303 897 rantem
1326 837 1387 896 in
1412 837 1672 924 vicinam
1709 837 1884 900 Jovis
1915 836 2174 899 Statoris
2205 839 2390 900 aedem
2428 839 2604 899 amici
2637 846 2974 919 rapuerunt.

1072 933 1231 994 Tum
1266 935 1327 996 in
1355 933 1650 997 Catonem
1679 957 1880 999 versus
1913 934 2188 1017 impetus,
2229 937 2334 1017 qui
2373 945 2442 996 ιιι
2485 945 2615 998 erat
2627 935 2872 1015 juvenis
2911 943 2978 995 et

1068 1033 1317 1094 robusto
1336 1053 1609 1116 corpore,
1638 1055 1743 1115 per
1767 1033 2028 1094 medium
2055 1053 2269 1113 agmen
2293 1035 2396 1094 via
2417 1032 2604 1106 facta,
2627 1051 2765 1094 cum
2788 1033 2978 1094 verba

1064 1129 1338 1211 coepisset
1358 1131 1579 1204 facere,
1606 1131 1876 1192 sublimis
1899 1151 1940 1192 a
1964 1130 2226 1192 factione
2245 1131 2498 1192 casaris
2515 1141 2608 1193 est
2623 1129 2836 1192 elatus.
2878 1127 2978 1190 At

1068 1226 1195 1300 ille,
1219 1227 1453 1290 diversa
1486 1227 1599 1290 fori
1624 1238 1796 1310 parte
1833 1249 2154 1301 recurrens,
2179 1229 2452 1290 convicia
2475 1228 2704 1290 Caesari
2745 1229 2974 1308 ingere-

1068 1323 1215 1384 bat:
1256 1323 1447 1386 donec
1467 1324 1683 1386 iterum
1712 1325 1966 1407 priorem
1991 1325 2068 1386 ad
2089 1326 2330 1387 modum
2353 1335 2446 1386 ost
2467 1325 2681 1387 elatus.
2746 1326 2850 1386 Ita
2867 1345 2976 1406 per

740 1413 877 1489 i’lut.
896 1435 1011 1488 Cat.
1068 1421 1193 1483 vim
1228 1420 1461 1504 perlata
1502 1421 1660 1501 lege,
1683 1424 1889 1502 jurare
1915 1421 2200 1504 populum
2220 1423 2406 1502 jussit
2431 1419 2660 1494 Guar,
2688 1429 2980 1503 perpetuo

1067 1527 1259 1578 ratam
1277 1516 1425 1579 fore.
1506 1516 1682 1578 Idem
1701 1517 1914 1579 deinde
1928 1517 2350 1598 jusjurandum
2374 1538 2413 1579 a
2436 1527 2646 1580 senatu
2668 1519 2892 1598 exegit.

742 1627 862 1680 Dio.
1148 1621 1250 1676 91.
1294 1614 1573 1687 Bibulus,
1600 1635 1758 1696 πετο
1781 1617 1972 1678 vitato
1996 1617 2207 1689 exitio,
2231 1617 2516 1698 postridie
2543 1617 2605 1676 in
2634 1617 2972 1684 curia.cou-

740 1727 943 1778 Suoton.
1067 1713 1352 1793 queritur,
1380 1713 1712 1774 rescindere
1753 1721 1892 1774 acta
1933 1723 2140 1796 pamt3
2185 1714 2486 1796 Pompeio
2511 1711 2850 1795 crassoque
2879 1724 2973 1774 re·

738 1823 857 1876 Dio.
1064 1811 1423 1883 sistentibus,
1448 1809 1744 1892 plerisque
1769 1821 1932 1872 metu
1951 1820 2056 1871 aut
2081 1832 2275 1873 errore
2299 1812 2538 1892 quietis,
2564 1809 2708 1872 nihil
2737 1831 2974 1893 promo-

1064 1917 1257 1970 vetur.
1340 1907 1534 1986 Igitur
1563 1906 1846 1980 Bibulus,
1877 1907 1936 1967 in
1972 1907 2264 1989 reliquum
2295 1908 2436 1968 anni
2459 1917 2694 1989 tempus
2717 1909 2977 1986 (meuses

1066 2017 1267 2066 autem
1289 2013 1432 2066 octo
1454 2007 1830 2086 supereraut)
1865 2003 2027 2066 domi
2059 2025 2124 2064 se
2159 2005 2490 2076 continens,
2515 2013 2746 2065 tntum
2773 2005 2976 2086 agenti

738 2053 1250 2132 P¹⁰⁰t21³0==1²·.
1536 2102 1550 2117 .
1732 2103 1746 2116 .
2276 2101 2290 2114 .
2661 2102 2674 2115 .

738 2119 957 2184 Appum
1066 2101 1297 2183 aliquid
1324 2101 1554 2164 Casan
1596 2111 1613 2139 ⁶
1638 2100 1819 2163 ferias
1841 2122 1968 2162 esse
1985 2103 2004 2130 ’
2043 2102 2440 2162 obnuntiahat
2457 2121 2563 2182 per
2581 2100 2800 2162 edicta.
2845 2100 2974 2162 Sed

738 2183 875 2298 {3¹⁰
1068 2198 1152 2260 P.
1183 2198 1491 2272 Vatinius,
1515 2199 1786 2262 tribunus
1808 2198 2002 2280 plebis
2027 2198 2374 2270 levinimus,
2400 2199 2506 2279 qui
2531 2206 2594 2258 et
2617 2218 2808 2280 nuper
2828 2217 2974 2259 con·-

773 2283 881 2370 cic.
905 2315 955 2362 ιιι
1065 2295 1299 2358 sulem
1282 2317 1343 2357 ιιι
1379 2297 1617 2359 vincula
1640 2297 1860 2358 ducere
1883 2305 2132 2358 conatus
2165 2305 2317 2367 erat,
2344 2297 2632 2357 viatorem
2659 2296 2838 2368 misit,
2865 2297 2976 2377 qui

740 2377 857 2428 Vnt.
880 2393 927 2430 ⁰·
946 2383 999 2430 ⁹·
1064 2415 1202 2454 eum
1238 2393 1419 2455 domo
1444 2394 1509 2456 vi
1532 2395 1890 2456 extraheret.
1975 2393 2146 2456 Nam
2180 2393 2278 2454 hic
2302 2414 2367 2454 se
2392 2393 2472 2455 ad
2497 2393 2698 2454 omnia
2717 2393 2976 2454 cm

771 2541 862 2592 cic
834 2558 879 2591 c.
901 2542 966 2591 d
1064 2492 1269 2574 cupita
1316 2491 1658 2572 signiferum
1699 2493 2042 2573 prestabat,
2093 2489 2250 2552 unde
2298 2490 2518 2551 Cicero
2555 2490 2849 2552 occultius
2891 2491 2976 2552 ad

737 2607 851 2656 Au,
872 2624 935 2657 n.
960 2613 1041 2661 ις,
1076 2587 1347 2650 Atticum
1381 2588 1457 2648 de
1498 2589 1593 2648 his
1636 2589 1998 2669 temporibus
2031 2588 2294 2649 scribens
2328 2585 2728 2650 Athenionem
2767 2596 2972 2660 vocat,

1063 2704 1203 2745 cum
1226 2684 1337 2745 illo
1353 2705 1652 2747 servorum
1677 2685 1740 2744 in
1767 2683 1982 2745 Sicilia
2003 2683 2182 2755 duce,
2209 2684 2508 2746 vilissima
2547 2683 2740 2765 plebis
2770 2685 2974 2746 couci·

735 2770 879 2886 vel:-
892 2771 973 2888 ¹¹¹7
1064 2789 1249 2842 torem
1276 2781 1591 2843 Vatinium
1638 2800 2008 2862 comparans.
2092 2780 2234 2841 Nec
2279 2801 2360 2842 ex
2395 2789 2522 2842 toto
2563 2780 2672 2842 illo
2715 2779 2974 2861 collegio

785 2850 814 2885 ⁸
832 2915 845 2926 ·
872 2852 919 2887 θ’
975 2871 992 2888 “
1065 2879 1377 2960 quisquam
1418 2877 1525 2940 illo
1568 2897 1726 2939 auno
1771 2876 1962 2957 legem
1999 2877 2158 2951 tulit,
2198 2898 2337 2939 cum
2371 2898 2547 2938 nemo
2583 2898 2698 2939 non
2727 2877 2976 2940 haberet

1064 2976 1487 3058 promulgatas,
1553 2983 1767 3057 praeter
1811 2974 2146 3048 Vatinium,
2198 2975 2305 3057 qui
2356 2995 2467 3037 nec
2517 2975 2806 3058 auspicia,
2857 2996 2974 3038 uec

739 3097 857 3148 Dio.
1066 3073 1293 3136 AEliam
1326 3071 1686 3153 Fusiamque
1712 3071 1870 3150 leges
1886 3073 2153 3148 curabat.
2225 3071 2540 3144 Ceterum,
2565 3071 2814 3152 collegis
2836 3071 2971 3134 Va-

1066 3171 1199 3232 tinii
1224 3169 1745 3243 intercedentibus,
1777 3168 2056 3243 Bibulus,
2083 3170 2328 3231 omissus
2359 3171 2420 3232 in
2457 3171 2794 3252 praesentia,
2821 3169 2971 3230 nihil

1064 3276 1271 3348 postea
1314 3287 1505 3348 neque
1545 3269 1697 3349 ipse,
1739 3287 1932 3349 neque
1963 3266 2186 3328 tribuni
2225 3267 2330 3349 qui
2363 3288 2502 3329 cum
2533 3288 2608 3328 eo
2647 3275 2972 3340 senserant,

1064 3365 1321 3447 publicae
1358 3366 1445 3426 rei
1468 3373 1735 3446 egerunt.

1142 3469 1247 3524 92.
1290 3461 1558 3525 Adhuc
1538 3482 1603 3544 ιιι
1628 3460 1822 3542 legem
1857 3462 2046 3544 aliqui
2079 3471 2416 3523 senatorum
2451 3481 2568 3522 nou
2593 3461 2969 3540 juraverant,

1066 3559 1150 3626 Q.
1208 3558 1501 3620 Metellus
1546 3557 1751 3631 Celer,
1793 3558 2132 3640 exemplum
2179 3557 2490 3619 Numidici
2537 3557 2820 3631 referens,
2873 3557 2970 3620 Μ.

1066 3654 1247 3728 Cato,
1272 3665 1335 3717 et
1357 3658 1533 3736 hujus
1572 3657 1966 3718 imitationem
2003 3656 2292 3718 affectans
2329 3654 2424 3716 M.
2455 3655 2772 3718 Favonius.
2859 3653 2972 3716 Id·-

1060 3752 1221 3814 circo
1248 3752 1453 3815 Caesar
1488 3753 1682 3834 legem
1725 3753 1883 3824 tulit,
1927 3761 2038 3814 ‘ut
2079 3753 2184 3834 qui
2217 3761 2444 3813 certam
2480 3761 2618 3814 ante
2651 3752 2814 3813 diem
2849 3772 2970 3814 non

739 3864 953 3931 Appiam.
1052 3852 1337 3930 jurasset,
1345 3851 1680 3942 capitalem
1705 3849 1974 3912 fraudem
1997 3849 2230 3911 frausus
2247 3849 2438 3911 esset!
2501 3849 2634 3912 Hic
2651 3859 2862 3922 metus,
2889 3871 2970 3910 an

738 3931 831 3982 9¹²¹
832 3940 870 3980 ²·
891 3929 959 3980 c·
962 3939 1003 3982 t·
1063 3949 1207 4029 quia
1245 3948 1377 4027 lege
1408 3948 1543 4027 jam
1581 3946 1816 4029 perlata
1855 3947 2001 4008 nihil
2037 3967 2116 4008 ex
2153 3967 2262 4008 sua
2295 3947 2643 4008 calamitate
2669 3944 2969 4008 commodi

737 3995 931 4118 seiae.
896 4011 986 4061 pro
954 4065 1039 4112 28.
1063 4055 1476 4128 perventurum
1521 4045 1601 4106 ad
1638 4043 2062 4125 rempublicam
2107 4052 2258 4116 erat,
2309 4053 2374 4106 et
2411 4043 2566 4116 illos,
2599 4053 2662 4106 et
2704 4043 2971 4104 tribunos

737 4124 953 4254 szian
1064 4143 1256 4224 plebis
1280 4143 1359 4204 ad
1376 4141 1708 4224 jurandum
1734 4141 1953 4219 adegit.

736 4287 797 4336 Pl
802 4297 871 4338 ut
891 4288 1003 4338 cn·
1144 4246 1246 4300 93.
1290 4237 1395 4300 sie
1438 4237 1543 4298 ille
1578 4257 1695 4299 nou
1741 4238 1918 4298 modo
1951 4255 2157 4318 agrum
2199 4237 2276 4298 de
2311 4257 2432 4320 quo
2467 4244 2792 4319 pugnatum
2813 4245 2965 4311 emt

737 4353 841 4401 Dio
1062 4336 1306 4407 divisit·
1348 4335 1453 4396 sed
1474 4337 1680 4407 etiam,
1705 4335 1812 4417 qui
1839 4343 2122 4416 exceptus
2149 4345 2326 4396 antea
2349 4335 2562 4407 fuerat,
2589 4334 2964 4416 Campanum

736 4419 1497 4518 Sueton.Soe11⁸temqu0
1530 4443 1704 4496 extra
1727 4441 1942 4495 sortem
1973 4431 2142 4556 dedit
2179 4431 2443 4514 patribus
2467 4427 2720 4493 familias
2749 4430 2968 4512 quibus
