3300 5234
848 595 1061 650 mam
1108 597 2027 650 oxin.·su1³ri.susnrum.
2371 581 2556 650 ‘5267

313 743 577 822 grafium
602 751 858 823 quatuor
882 744 1147 804 schoenos
1160 740 1185 777 δ
1223 744 1349 823 agri
1392 743 1471 804 ad
1496 745 1720 825 priores
1746 743 2064 805 sacerdotii
2093 763 2224 824 pos-

313 841 609 902 sessiones
633 841 861 921 adjecit
879 840 1085 901 Caesar
1106 861 1122 900 τ
1156 851 1219 902 et
1238 841 1547 902 Ariarathi
1566 842 1738 902 fratri
1759 843 1912 921 regis
1932 843 2224 902 Ariobar-
2251 853 2380 905 Hirt.

320 939 489 998 :anis
516 940 595 1014 (is
614 929 945 1000 obtinuisse
967 939 1129 1019 prius
1154 939 1216 1000 id
1242 939 1641 1000 sacerdotium
1667 937 1926 1018 videtur)
1953 939 2226 1020 quaedam

318 1036 595 1096 attribuit
618 1055 633 1094 ε
677 1055 751 1095 ne
772 1036 993 1094 otiosus
1016 1044 1079 1095 et
1102 1055 1283 1114 egens
1306 1035 1471 1096 fiatri
1490 1035 1905 1115 suspicionem,
1933 1036 2047 1094 sibi
2074 1035 2228 1115 peri-

320 1130 531 1192 culum
557 1141 805 1203 crearet,
836 1133 1159 1213 praesertim
1195 1153 1333 1192 cum
1372 1142 1437 1193 et
1472 1141 1650 1192 antea
1674 1130 1880 1192 fuisset
1903 1133 2232 1192 solicitatus
2285 1133 2390 1184 cic.
2410 1133 2477 1184 td

322 1247 363 1287 a
388 1229 745 1306 quibusdam
770 1230 963 1308 gentis
988 1230 1376 1310 principibus,
1404 1239 1471 1290 ut
1496 1249 1740 1310 regnare
1760 1228 1966 1290 vellet.
2047 1227 2228 1290 Ario-
2255 1201 2387 1250 pm,
2407 1202 2557 1248 “⁰²

216 1339 221 1350 ·
318 1324 571 1386 barzani
599 1335 820 1398 autem,
844 1347 949 1408 pro
976 1326 1067 1386 his
1092 1347 1227 1407 quae
1252 1327 1500 1408 imperio
1525 1329 1657 1405 ejus
1680 1325 2074 1397 decedebant,
2091 1346 2227 1406 par·
2255 1351 2375 1400 Dio.

324 1428 449 1480 tem
477 1421 783 1482 Armeniae
808 1423 1047 1482 minoris
1072 1423 1371 1484 ademtam
1397 1423 1711 1504 Dejotaro,
1739 1422 1925 1483 dedit.

402 1526 465 1578 9.
512 1519 669 1578 Cum
694 1521 851 1580 enim
880 1520 957 1580 ad
986 1519 1407 1600 Gallogroeciae
1450 1520 1601 1582 fines
1640 1521 2002 1590 accessisset,
2045 1517 2230 1600 depo-
2255 1532 2382 1585 Hirt.

322 1615 455 1674 sitis
480 1617 655 1694 regiis
679 1617 1027 1694 insignibus,
1048 1626 1112 1676 et
1134 1618 1423 1697 supplicis
1446 1619 1654 1678 habitu
1676 1627 1890 1688 sumto,
1915 1615 2234 1694 Dejotarus

320 1713 604 1782 occurrit,
630 1732 921 1772 excusans
945 1713 1105 1793 quod
1132 1715 1193 1773 in
1222 1734 1297 1774 ea
1332 1722 1501 1796 parte
1534 1725 1818 1774 terrarum
1858 1713 2104 1793 positus,
2130 1713 2234 1771 ubi

318 1807 491 1868 nulla
517 1809 791 1888 praesidia
818 1808 1071 1870 Caesaris
1096 1819 1311 1882 essent,
1340 1811 1728 1892 praesentibus
1753 1803 2015 1890 imperiis
2056 1828 2232 1888 paru-

318 1905 487 1965 isset.
570 1905 879 1967 Adversus
904 1927 977 1966 ea
1004 1907 1230 1980 Caesar,
1258 1909 1730 1968 commemoratis
1755 1905 2062 1966 beneficiis
2093 1906 2234 1976 suis,

320 2007 524 2061 tamen
554 2002 715 2062 aetati
731 2005 863 2082 ejus
879 2003 1273 2084 dignitatique
1298 2014 1362 2065 et
1389 2006 1594 2065 amicis
1618 2003 2073 2085 deprecantibus
2092 2001 2235 2061 dare

318 2097 483 2158 dixit
524 2101 656 2179 ejus
696 2099 902 2159 delicti
928 2101 1197 2162 veniam:
1240 2100 1317 2161 de
1361 2103 1776 2162 controversiis
1809 2100 2233 2160 tetrarcharum

322 2207 538 2277 postea
560 2197 951 2275 cogniturum.
1007 2196 1251 2258 Interea
1276 2197 1589 2278 legionem,
1612 2198 1898 2258 Romana
1922 2195 2235 2276 disciplina

321 2293 707 2354 constitutam
746 2313 785 2352 a
812 2291 1129 2374 Dejotaro,
1158 2297 1609 2375 equitatumque
1636 2314 1871 2353 omnem
1907 2292 2126 2353 adduci
2153 2293 2232 2353 ad

322 2390 551 2450 bellum
580 2390 903 2451 Ponticum
919 2392 1121 2470 jussit.

405 2494 511 2548 10.
558 2486 930 2556 Pharnaces,
974 2485 1281 2546 intellecto
1326 2482 1585 2545 Caesaris
1631 2485 1912 2557 adventu,
1965 2487 2234 2546 omittere
2259 2503 2378 2553 Dio.

324 2581 675 2644 Asandrum
701 2591 963 2654 coactus,
991 2583 1052 2642 in
1094 2583 1361 2643 Pontum
1390 2584 1671 2652 recurrit3
1717 2582 1793 2643 de
1831 2603 1980 2663 pace
2008 2583 2236 2661 legatos
2259 2601 2388 2650 Hirr.

321 2681 711 2762 praemittens,
740 2678 900 2759 quod
928 2680 1297 2761 imperatoris
1320 2679 1603 2739 'acerrimi
1639 2680 1888 2740 timebat
1925 2681 2208 2760 impetum
2215 2709 2233 2752 ,-

322 2777 472 2840 licet
522 2779 755 2857 exiguis
805 2797 945 2838 sane
997 2778 1187 2858 copiis
1236 2777 1525 2837 instructi.
1610 2775 1781 2836 Nam
1833 2785 2006 2837 sexta
2054 2776 2235 2856 legio,

324 2895 511 2956 quam
538 2893 617 2934 ex
643 2873 909 2954 AEgypto
939 2872 1295 2945 deduxerat,
1336 2872 1487 2932 adeo
1522 2871 1726 2932 multis
1748 2880 1879 2931 erat
1903 2871 2122 2953 praeliis
2144 2873 2236 2933 di·-

322 2973 577 3042 minuta,
604 2979 673 3030 ut
696 2971 889 3030 minus
912 2969 1076 3030 mille
1112 2970 1369 3030 militum
1412 2969 1688 3028 haberet:
1736 2967 2010 3046 Dejotari
2055 2967 2236 3047 legio,

324 3087 439 3128 nec
474 3087 686 3145 genere
732 3067 1057 3137 hominum,
1104 3086 1213 3126 nec
1252 3086 1357 3125 usu
1403 3065 1488 3126 rei
1535 3064 1812 3124 militaris
1849 3066 2236 3125 censebatur:

325 3164 481 3250 duas
526 3163 790 3224 habebat
828 3174 1135 3244 praeterea,
1172 3183 1308 3244 quae
1346 3182 1534 3243 nuper
1571 3162 1682 3222 sub
1709 3160 1982 3221 Domitio
2003 3160 2236 3222 cladem

324 3281 521 3343 passae
544 3271 735 3321 erant.
804 3260 1028 3334 Caesar,
1057 3259 1283 3338 legat-os
1308 3261 1546 3319 mitibus
1565 3261 1860 3340 responsis
1877 3257 2236 3330 ludificatus,

325 3358 479 3418 nihil
519 3358 596 3418 de
642 3359 963 3419 velocitate
1014 3358 1239 3418 itineris
1282 3357 1640 3417 remittebat.
1727 3354 1885 3416 Cum
1929 3357 2054 3426 uni,
2099 3376 2237 3415 cum
2262 3381 2378 3433 Dio.

326 3455 507 3516 alteri
530 3464 792 3515 oratores
838 3456 923 3514 sic
962 3455 1041 3514 ad
1083 3473 1279 3533 regem
1317 3453 1625 3524 redissent,
1665 3462 1733 3513 ut
1771 3453 1958 3514 verba
1982 3451 2252 3512 Caesaris·

324 3551 407 3612 ad
437 3570 673 3632 pacem,
698 3549 993 3610 festinatio
1032 3550 1109 3610 ad
1144 3549 1373 3610 bellum
1406 3558 1674 3631 spectare
1716 3548 2036 3621 videretur,
2059 3547 2238 3608 tertia
2291 3561 2508 3626 Appi-n.

326 3647 557 3727 legatio
602 3647 785 3718 venit,
842 3667 1079 3707 auream
1120 3666 1399 3708 coronam
1447 3642 1735 3708 afferens:
1800 3654 2124 3727 petensque
2171 3653 2241 3704 ut
2261 3625 2370 3676 civ.
2389 3641 2450 3678 ¹¹·

328 3745 480 3804 socii
516 3752 697 3824 atque
737 3745 913 3804 amici
957 3745 1111 3823 regis
1145 3744 1368 3804 donum
1408 3745 1790 3824 acciperetur.

414 3848 518 3901 11.
561 3849 581 3877 ‘
605 3838 828 3920 Neque
852 3843 1009 3901 enim
1036 3841 1227 3901 ullum
1254 3840 1537 3903 adversus
1580 3839 1879 3912 Caesarem
1906 3837 2242 3899 Pharnacis

328 3937 625 3998 delictum
667 3947 898 4009 extare,
942 3938 1057 3998 nisi
1100 3935 1263 4017 quod
1286 3945 1496 3998 contra
1532 3937 1654 3998 vim
1679 3935 1924 3997 calvini
1940 3936 2046 4013 jus
2067 3953 2238 3994 suum

402 4119 427 4156 δ
462 4120 684 4177 Quat-or
728 4119 963 4184 nchoenos]
1012 4118 1259 4171 Schoenus
1328 4133 1473 4170 orum
1494 4118 1800 4180 haberetur,
1821 4116 1974 4167 modo
2005 4117 2242 4177 sexagin-

337 4196 584 4235 me'nmra
616 4189 701 4234 ent
734 4185 1007 4235 admodum
1036 4185 1255 4236 incerta.
1327 4193 1400 4242 ta,
1421 4184 1573 4234 modo
1594 4185 1750 4235 etiam
1775 4192 1981 4232 centum
2003 4191 2059 4231 et
2078 4181 2241 4244 vigin-

338 4250 601 4307 straboni,
638 4261 717 4300 τι.
747 4265 801 4314 p.
822 4255 939 4300 580.
965 4251 1255 4300 stadiorum
1326 4250 1385 4300 ti.
1418 4250 1473 4300 si
1492 4249 1758 4300 schoenum
1779 4246 2120 4312 quadr-ginta
2135 4252 2240 4295 sta·

338 4323 422 4366 est
448 4315 813 4380 qnadraginta.
860 4315 935 4365 At
956 4315 1093 4364 idem
1116 4329 1258 4366 xvu.
1324 4314 1426 4364 diis
1479 4329 1662 4379 parem
1705 4311 1976 4372 faciamus,
2017 4317 2241 4376 quatuor

338 4393 393 4444 p.
415 4383 533 4430 804.
554 4381 615 4430 in'
632 4379 858 4445 AEgypto
886 4394 999 4430 eam
1025 4379 1097 4430 ita
1119 4381 1255 4432 vari·
1324 4379 1522 4429 scboeni
1539 4378 1931 4443 respondebunt
1947 4377 2109 4428 leuci·
2127 4390 2238 4426 nos-

344 4459 461 4497 nos
480 4445 577 4512 ait,
600 4451 660 4497 nt
678 4449 831 4498 nodo
854 4445 1075 4511 triginta
1094 4445 1255 4498 etudi-
1326 4445 1552 4496 tratibns
1574 4443 1797 4510 ampliu·
1817 4447 1867 4493 ο.
1903 4443 2047 4493 cm.
