3300 5234
61 4706 126 5153 rma—-

705 461 882 529 5236

707 630 927 697 Appium.

706 695 842 749 Plut.

707 1890 834 1940 Caes.
857 1890 988 1941 Plut.

705 2767 829 2817 Dio.
851 2766 977 2821 Cas.

703 2865 835 2916 Plut.

702 3261 916 3326 Appian.

703 3349 836 3401 Plut.

700 4148 810 4199 Liv.
829 4147 964 4215 Epit.

703 4214 836 4263 Plut.

700 4278 817 4329 Dio.
841 4278 985 4329 Oros.

1677 480 1747 527 '1'-
1795 476 1988 527 mvn

1037 619 1342 694 Achillas,
1379 630 1442 683 et
1482 630 1813 704 praeceptor
1848 622 2014 703 pueri
2049 616 2393 683 Theodotus
2430 621 2667 683 Samius
2702 620 2941 681 decres—

1035 727 1204 779 sent:
1249 718 1520 800 princeps
1557 716 1822 779 Romani
1846 717 2117 787 nominis,
2142 726 2207 778 et
2230 720 2333 798 qui
2358 718 2654 781 beneficio
2680 716 2945 777 Caesaris

1033 815 1258 875 servari
1283 816 1556 875 miserum
1581 824 1644 873 et
1666 814 1935 875 deforme
1958 815 2349 875 existimaret.

1115 918 1216 972 14.
1261 911 1418 972 Cum
1471 912 1607 971 aliis
1660 910 2088 991 recipiendum,
2134 912 2272 972 aliis
2334 920 2545 973 contra
2602 910 2936 981 videretur;

991 1057 994 1059 ,
1033 1008 1378 1071 Theodotus
1397 1009 1552 1070 forte
1583 1010 1833 1091 cupiens
1870 1007 2179 1069 ostendere
2221 1009 2583 1081 facundiam,
2616 1018 2749 1069 erat
2781 1010 2941 1068 enim

1037 1106 1395 1186 professione
1433 1107 1655 1179 rhetor,
1684 1114 1703 1143 ‘
1725 1114 1999 1167 neutrum
2022 1106 2331 1167 consilium
2360 1106 2597 1167 salubre
2630 1126 2757 1167 osse
2774 1108 2791 1134 '
2816 1106 2941 1167 dis·

1032 1203 1213 1263 seruit
1235 1222 1250 1263 :
1281 1212 1298 1239 ‘
1321 1204 1514 1264 altera
1537 1204 1831 1263 sententia
1848 1202 2151 1264 dominum
2171 1204 2461 1284 AEgypto,
2480 1212 2544 1263 et
2561 1203 2780 1264 bellum
2802 1224 2939 1264 cum

1035 1300 1274 1362 Caesare
1319 1302 1538 1384 recipi:
1579 1299 1770 1361 altera
1808 1300 2031 1362 offendi
2070 1302 2452 1382 Pompeium,
2485 1322 2595 1361 nec
2634 1302 2768 1361 iniri
2806 1322 2939 1379 gra-

1031 1399 1178 1458 tiam
1203 1399 1281 1458 ab
1309 1398 1568 1459 Caesare.
1653 1397 1833 1458 Nihil
1867 1398 2101 1468 melius,
2142 1418 2326 1479 quam
2365 1408 2554 1458 morte
2583 1399 2695 1459 viri
2734 1400 2938 1460 formi-

1033 1494 1232 1555 dinem
1257 1495 1336 1555 ab
1375 1496 1504 1575 ipso
1543 1493 1775 1566 tollere,
1800 1494 2094 1575 simulque
2124 1494 2411 1555 demereri
2436 1515 2572 1555 eum
2606 1496 2713 1575 qui
2744 1516 2937 1555 rerum

1029 1592 1353 1671 potiretur.'
1377 1648 1384 1655 ,
1434 1591 1753 1671 Adjecisse
1782 1600 1847 1649 et
1884 1594 2197 1671 proverbio
2216 1593 2515 1671 jactatam
2544 1612 2756 1653 vocem
2784 1592 2937 1653 dici-

1029 1697 1147 1758 tur,
1175 1696 1194 1725 ‘
1217 1695 1476 1747 mortuos
1501 1706 1615 1746 non
1643 1686 1960 1748 mordere.'

1112 1791 1214 1845 15.
1255 1783 1420 1844 Haec
1445 1784 1548 1843 ubi
1566 1782 1843 1865 placuere
1868 1782 2162 1853 omnibus,
2182 1781 2453 1843 Achillae
2478 1784 2779 1864 negotium
2806 1806 2937 1867 per-

1029 1881 1301 1952 mittitur,
1341 1880 1565 1941 homini
1591 1879 1902 1959 singularis
1926 1880 2220 1941 audaciae.
2307 1879 2521 1961 Atque
2560 1882 2613 1941 is
2631 1902 2770 1943 cum
2800 1904 2937 1965 par-

1029 1976 1174 2038 vula
1219 1977 1493 2038 navicula
1550 1975 1628 2038 ad
1682 1977 2048 2058 Pompeium
2098 1975 2367 2046 acceditg
2416 1976 2583 2037 littus
2624 1998 2937 2053 excusam,

1029 2074 1190 2156 quod
1229 2074 1516 2135 vadosum
1552 2083 1616 2135 et
1650 2073 1897 2135 infidum
1934 2075 2165 2154 majora
2194 2075 2437 2154 navigia
2474 2095 2591 2135 non
2618 2084 2934 2156 pateretur.

1033 2171 1284 2232 Minime
1311 2171 1596 2253 placebat
1617 2191 1694 2233 ea
1712 2192 1805 2232 res
1828 2172 2055 2244 amicis,
2082 2172 2189 2252 qui
2215 2172 2379 2252 prius
2401 2182 2841 2253 expectassent,
2868 2185 2939 2237 ut
2980 2164 2987 2173 ’

1027 2270 1153 2349 ipse
1186 2289 1294 2330 rex
1317 2290 1455 2330 cum
1479 2269 1693 2329 illustri
1712 2270 2005 2330 comitatu
2031 2268 2377 2349 procederet
2401 2270 2641 2331 obviam
2668 2291 2683 2331 τ
2726 2282 2791 2334 et
2808 2274 2935 2355 ipse

1032 2367 1358 2449 Pompeius
1381 2368 1730 2450 ptaesagium
1758 2368 1939 2427 animi
1966 2365 2303 2447 Sophocleo
2326 2368 2589 2427 carmine
2613 2367 2935 2443 fatebatur,

1029 2464 1190 2543 quod
1217 2474 1237 2503 ‘
1255 2484 1331 2524 ex
1353 2465 1554 2526 liberis
1571 2485 1773 2525 servos
1796 2463 1925 2524 fieri
1942 2464 1960 2492 ³
1994 2462 2168 2535 dicit,
2197 2474 2216 2501 ‘
2236 2472 2529 2545 quotquot
2553 2474 2935 2545 tyrannorum

1031 2561 1286 2622 adierint
1301 2562 1548 2623 domos?
1630 2563 1789 2623 Cum
1814 2562 1929 2623 hoc
1952 2561 2119 2622 dicto
2152 2560 2461 2623 descendit
2487 2563 2547 2622 in
2574 2563 2935 2635 naviculam,

1027 2678 1165 2719 cum
1184 2657 1420 2719 duobus
1437 2668 1669 2720 tantum
1689 2658 2151 2729 centurionibus,
2180 2657 2639 2739 libertorumque
2659 2668 2722 2720 et
2738 2680 2934 2722 servo-

1031 2774 1160 2815 rum
1184 2756 1452 2835 singulis,
1472 2758 1598 2827 ubi,
1619 2764 1938 2837 conspecto
1960 2756 2031 2815 L.
2056 2754 2369 2837 Septimio,
2397 2756 2501 2835 qui
2520 2755 2685 2816 bello
2704 2756 2935 2838 praedo-

1031 2870 1170 2910 num
1197 2852 1357 2932 apud
1396 2873 1458 2912 se
1493 2852 1761 2913 ordinem
1799 2852 2079 2923 duxerat,
2106 2850 2319 2911 deinde
2344 2872 2479 2911 cum
2510 2836 2780 2913 Gabinio
2800 2837 2935 2935 pro'-

1030 2948 1224 3009 fectus
1249 2949 1711 3022 Alexandriam,
1740 2951 2039 3010 tribunum
2066 2948 2323 3009 militum
2348 2950 2607 3029 agebat:
2644 2958 2663 2986 ⁴
2687 2948 2779 3011 Te
2805 2952 2935 3030 qui-

1027 3044 1166 3105 dem
1201 3044 1442 3117 hercle,'
1483 3047 1702 3126 inquit,
1746 3056 1763 3083 ‘
1784 3048 1943 3117 novi,
1980 3045 2349 3107 commilito?
2429 3044 2640 3127 Atque
2666 3046 2738 3117 is,
2768 3046 2935 3108 nullo

1025 3161 1302 3222 responso
1326 3141 1495 3213 dato,
1521 3143 1719 3223 capite
1746 3150 1979 3203 tantum
2006 3142 2231 3203 annuit.
2430 3206 2439 3221 ⁸

1105 3245 1206 3299 16.
1254 3237 1424 3299 Inter
1447 3239 1576 3323 haec
1603 3239 2120 3322 appropinquabat
2143 3238 2353 3310 littori,
2378 3248 2442 3299 et
2475 3248 2668 3300 motus
2694 3240 2751 3299 in
2782 3248 2936 3299 terra

1023 3336 1342 3407 exercitus,
1383 3346 1819 3417 conspectaque
1864 3338 1925 3397 in
1967 3337 2200 3415 agmine
2240 3337 2396 3416 regis
2439 3356 2721 3417 purpura,
2768 3358 2934 3419 spem

1027 3430 1328 3493 Corneliae
1349 3434 1679 3513 ceterisque
1703 3434 1894 3495 dabat
1926 3435 2181 3514 benigne
2207 3442 2510 3513 receptum
2538 3433 2647 3493 iri:
2676 3454 2815 3494 cum
2840 3454 2933 3495 as-

1023 3538 1354 3607 surgentem
1379 3550 1418 3589 a
1444 3528 1516 3590 L.
1547 3528 1839 3612 Septimio
1864 3532 2138 3611 primum,
2166 3530 2383 3591 deinde
2419 3531 2498 3590 ab
2524 3529 2779 3590 Achilla
2803 3550 2933 3611 per-

1022 3626 1147 3686 cuti
1172 3624 1397 3687 vident.
1479 3624 1558 3685 Id
1598 3626 2004 3706 spectaculum
2040 3636 2165 3687 tam
2190 3628 2609 3708 necopinatum
2645 3637 2707 3687 et
2734 3638 2930 3699 atrox,

1021 3729 1252 3783 tantum
1287 3722 1580 3783 excitavit
1611 3724 1671 3781 in
1710 3724 1959 3784 navibus
1994 3723 2246 3793 luctum,
2273 3728 2339 3785 ut
2364 3724 2620 3801 gemitus
2640 3722 2933 3805 fletusque

1023 3817 1084 3877 in
1124 3817 1325 3879 littore
1365 3817 1807 3881 exaudirentur.
1888 3818 2147 3900 Jamque
2171 3828 2235 3879 et
2260 3820 2526 3879 triremes
2548 3819 2931 3901 compleban-

1024 3921 1143 3986 tur,
1171 3934 1306 3994 quae
1329 3924 1558 3977 ceteras
1575 3936 1811 3997 quoque
1828 3915 2108 3997 Pompeii
2134 3936 2319 3977 naves
2334 3916 2931 3997 comprehenderent:

1022 4010 1130 4072 sed
1155 4010 1313 4085 illas,
1342 4032 1586 4094 propere
1607 4012 1789 4073 vulsis
1807 4012 2245 4085 anchoralibus,
2269 4012 2477 4073 favens
2494 4004 2709 4075 a-terra
2724 4023 2933 4073 ventus

1027 4105 1298 4189 Cyprum
1349 4108 1589 4180 retulit3
1646 4108 1918 4190 AEgyptii
1962 4128 2003 4170 a
2050 4129 2207 4170 vano
2258 4110 2646 4191 persequendi
2698 4110 2933 4190 incepto

1022 4204 1391 4266 destiterunt.
1474 4205 1634 4266 Pars
1658 4215 1857 4267 tamen
1884 4207 2122 4267 navium
2146 4215 2329 4289 capta
2352 4206 2705 4288 direptaque
2729 4228 2745 4268 ι
2782 4217 2845 4267 et
2870 4208 2927 4266 in

1026 4301 1120 4361 his
1143 4300 1229 4369 Q.
1257 4301 1588 4383 Pompeius
1613 4301 1702 4363 A.
1726 4302 1797 4364 F.
1832 4302 2193 4385 Bithynicus
2218 4304 2466 4368 occisus.
