3300 5234
794 534 969 604 4962
1758 551 1828 600 τ.
1875 549 2062 600 mvn

1123 695 1259 755 bem
1298 702 1361 755 et
1398 691 1477 754 ad
1516 693 1669 754 ostia
1702 691 1960 752 fluminis
1983 692 2206 763 mersit,
2233 699 2469 772 pontem
2495 689 2810 751 sublicium
2833 691 3016 772 rupit.

1123 789 1443 852 Theatrum
1463 809 1702 871 quoque
1728 788 1805 849 ad
1831 788 2002 849 ludos
2020 789 2308 868 quosdam
2333 809 2367 849 e
2391 787 2553 867 ligno
2577 796 2860 867 structum
2885 809 3016 848 cor-

1122 889 1279 949 ruit:
1320 887 1708 966 omnibusque
1742 885 1835 944 his
1867 884 2142 946 cladibus
2173 904 2388 964 magna
2423 885 2724 944 hominum
2749 886 3020 944 absumta

804 993 939 1046 Suet.
960 991 1088 1044 Cu.
1126 983 1443 1045 multitudo
1464 990 1575 1042 est.
1640 979 1764 1042 Sed
1789 981 1978 1062 prima
2001 982 2238 1042 honoris
2254 981 2408 1052 initi,
2429 981 2800 1061 antiquitatis
2820 981 3022 1061 specie

1124 1080 1363 1152 decora,
1388 1087 1515 1149 aut,
1542 1077 1764 1139 latente
1789 1076 1982 1139 adhuc
2012 1076 2267 1138 Caesaris
2289 1078 2607 1158 proposito,
2636 1097 2742 1158 pro
2765 1075 3022 1136 innoxiis

804 1182 913 1232 nv.
930 1197 994 1231 ιι.
1012 1185 1061 1232 ι.
1126 1175 1399 1237 fuerunt:
1442 1184 1531 1246 ut,
1556 1194 1679 1255 qno
1703 1193 1898 1236 mense
1924 1171 2117 1234 fasces
2141 1193 2254 1234 non
2280 1175 2548 1247 haberet,
2575 1193 2856 1234 accensus
2877 1181 3020 1234 ante

804 1245 1059 1363 ,ff'lg‘u‘
1126 1293 1263 1334 eum
1304 1274 1437 1344 iret,
1477 1272 1714 1332 lictores
1753 1290 1904 1351 pone
1945 1279 2358 1352 sequerentur:
2403 1269 2565 1351 quod
2605 1291 2682 1330 ex
2723 1279 3022 1330 vetustate

804 1377 1005 1428 Sueton-
1126 1371 1421 1431 relatum:
1464 1377 1531 1429 ut
1553 1377 1677 1430 tam
1701 1375 1938 1428 senatus
1959 1388 2139 1448 quam
2179 1366 2384 1448 populi
2407 1366 2621 1428 diurna
2660 1376 2798 1427 acta
2833 1363 3020 1428 confi-

1126 1475 1395 1528 cerentur
1418 1473 1481 1526 et
1502 1463 1980 1546 publicarenturz
2021 1463 2184 1545 quod
2209 1465 2332 1544 ipse
2358 1465 2610 1524 instituit
2633 1465 2878 1546 primus,
2899 1483 3022 1544 quo

1128 1585 1232 1646 per
1274 1561 1609 1645 provincias
1640 1571 1706 1624 et
1741 1562 2038 1624 exercitus
2075 1572 2433 1634 nosceretur,
2459 1563 2607 1623 nihil
2644 1565 2741 1643 agi
2776 1562 3020 1632 Romae,

1126 1661 1237 1722 nisi
1262 1681 1342 1722 ex
1368 1659 1677 1721 voluntate
1699 1659 1876 1720 trium
1901 1659 2253 1740 principum,
2279 1680 2468 1740 posse.

805 1770 1020 1838 Appiam.
1211 1765 1313 1820 80.
1356 1757 1523 1818 Inter
1544 1756 1675 1816 haec
1702 1754 2011 1826 Bibulum,
2039 1765 2106 1816 ut
2129 1757 2498 1818 concorditer
2521 1775 2718 1818 secum
2743 1756 3020 1836 rempub-

1130 1854 1309 1918 licam
1335 1873 1533 1934 gerere
1555 1852 1724 1924 velit,
1765 1853 1824 1912 in
1861 1863 2068 1912 senatu
2108 1872 2340 1932 rogans,
2368 1853 2446 1913 ab
2483 1852 2800 1915 intentione
2826 1852 3022 1912 muni-

1130 1951 1268 2012 endi
1290 1971 1417 2012 sese
1441 1960 1782 2020 avocatum,
1803 1951 1950 2031 ipse,
1971 1948 2127 2010 clam
2153 1951 2374 2032 paratis
2395 1949 2684 2034 subsidiis,
2705 1947 3024 2010 fallacibus

1132 2047 1437 2109 blanditiis
1486 2047 1824 2108 mulcebat:
1875 2045 2088 2118 donec,
2129 2048 2401 2128 provisis,
2441 2067 2576 2128 quae
2611 2047 2900 2118 voluerat,
2939 2047 3023 2106 ad

840 2169 972 2220 Plnt.
984 2167 1113 2218 ο...
1132 2147 1359 2224 majora
1382 2145 1549 2216 itum,
1572 2144 1848 2224 legesque
1875 2143 2226 2225 promulgari
2244 2165 2286 2204 a
2301 2144 2541 2230 consule
2565 2153 2796 2226 coeptae,
2817 2142 3027 2223 quales

809 2241 861 2282 0‘
878 2233 989 2282 cat.
1011 2241 1065 2282 θ*
1130 2243 1235 2304 vix
1260 2243 1527 2302 tribunus
1550 2241 1740 2323 plebis
1763 2241 1942 2322 paulo
1967 2240 2280 2302 modestior
2303 2242 2572 2312 tulisset3
2615 2243 2858 2321 agrariae
2885 2249 3023 2302 ante

738 2355 745 2362 '
807 2298 1067 2430 ξοῗὲμὴ,
1132 2347 1355 2410 omnes,
1382 2357 1516 2418 quae
1544 2338 1868 2400 maximam
1905 2338 2363 2409 contentionem,
2389 2337 2550 2418 quod
2593 2339 2777 2398 invito
2814 2347 3022 2399 senatu

842 2427 961 2484 Βίου
1131 2433 1493 2507 ferebantur,
1520 2435 1872 2496 habuerunt.
1915 2493 1927 2504 ,
1955 2432 2078 2494 Sed
2125 2435 2392 2498 nimirum
2421 2433 2626 2494 Caesar
2666 2435 2753 2495 ita
2793 2455 2856 2495 se
2896 2434 3025 2496 fore

808 2505 1049 2541 xxxvm.
1132 2531 1473 2613 popularem
1516 2551 1744 2612 semper
1781 2539 1912 2592 erat
1951 2531 2258 2613 professus,
2285 2540 2355 2592 ut
2391 2531 2540 2592 nihil
2579 2541 2732 2593 esset
2765 2541 3024 2604 acturus,

1130 2628 1291 2710 quod
1320 2649 1435 2688 non
1460 2629 1539 2688 ad
1566 2637 1802 2688 senatus
1821 2648 2059 2709 quoque
2085 2628 2454 2688 commodum
2463 2631 2815 2709 pertineret.
2898 2626 3024 2707 Igi-

1128 2733 1226 2784 tur
1249 2725 1337 2785 sic
1358 2733 1715 2804 conceperat
1729 2725 1908 2786 verba
1933 2723 2102 2802 legis,
2129 2734 2197 2784 ut
2221 2723 2369 2784 nihil
2397 2725 2458 2783 in
2481 2724 2574 2783 his
2597 2725 3030 2806 reprehenden-

1128 2819 1270 2880 dum
1294 2809 1627 2890 videretun
1671 2829 1734 2880 et
1758 2829 1979 2891 tamen,
2004 2841 2078 2880 ne
2104 2821 2190 2880 sic
2214 2820 2458 2900 quidem
2484 2820 2738 2882 laturum
2765 2823 3026 2884 testaba-

1129 2924 1243 2987 tur,
1272 2915 1383 2976 nisi
1406 2926 1611 2977 senatu
1638 2924 1896 2977 auctore.
2781 2931 2790 2941 ·

1212 3017 1313 3072 81.
1355 3010 1477 3072 Sed
1518 3012 1830 3093 optimates
1869 3031 1986 3072 non
2027 3012 2298 3086 fallebat,
2340 3014 2470 3076 haec
2509 3016 2710 3077 omnia
2745 3036 2862 3076 non
2905 3016 3030 3078 alia

1132 3129 1315 3176 causa
1337 3107 1489 3181 fieri,
1515 3129 1696 3189 quam
1729 3119 1796 3169 ut
1833 3109 2152 3171 abductam
2176 3130 2215 3171 a
2240 3114 2508 3193 patribus
2545 3112 2780 3194 plebem
2821 3112 3030 3174 Caesar

1132 3206 1245 3266 hac
1284 3205 1591 3284 largitione
1626 3208 1741 3268 sibi
1783 3217 2134 3268 aucwraret.
2219 3208 2486 3290 Ideoque
2521 3210 2636 3272 hoc
2673 3213 2864 3292 ipsum
2899 3220 3030 3273 erat

1132 3301 1344 3372 dolori,
1373 3301 1534 3382 quod
1562 3305 1646 3363 ita
1669 3297 1886 3384 scripta
1911 3303 2011 3364 lex
2037 3313 2209 3377 esset,
2236 3314 2325 3377 ut,
2351 3307 2454 3385 qui
2479 3326 2612 3367 eam
2651 3307 3026 3388 impedirent,

1132 3417 1249 3459 non
1292 3407 1417 3459 tam
1441 3399 1734 3461 voluntati
1771 3400 1982 3482 plebis,
2017 3421 2197 3482 quam
2239 3405 2504 3482 aequitati
2539 3403 3028 3466 manifestissimae

1134 3494 1494 3575 utilitatique
1521 3495 1778 3578 publicae
1813 3495 2096 3576 refragari
2121 3497 2478 3560 viderentur.
2561 3499 2846 3581 Namque
2871 3501 3027 3562 mul-

1132 3591 1327 3651 titudo
1352 3590 1459 3652 illa
1484 3613 1724 3654 numero
1747 3603 1812 3654 et
1835 3603 2100 3673 egestate
2129 3595 2283 3656 Urbi
2317 3596 2690 3659 intoleranda
2711 3599 3026 3659 exhaurie-
3051 3589 3058 3598 ’

1130 3688 1343 3759 batur-3
1384 3687 1910 3769 frequentabantur
1949 3688 2148 3752 Italiae
2187 3693 2454 3773 regiones
2493 3694 2692 3776 inopia
2725 3694 3026 3754 hominum

1132 3782 1421 3845 desertae:
1461 3785 1878 3849 consulebatur
1925 3808 2196 3861 annonae,
2243 3791 2568 3852 instaurata
2607 3793 2824 3874 panim
2867 3795 3026 3872 agri-

1130 3880 1400 3943 cultura:
1442 3892 1505 3944 et
1526 3883 1656 3944 haec
1679 3885 1802 3946 sine
1827 3887 2091 3966 impensa
2117 3889 2478 3968 reipublicae,
2505 3891 2634 3950 sine
2655 3890 3029 3951 incommodo

1132 3979 1461 4061 principum
1498 3979 1759 4042 fiebant:
1803 3983 1981 4043 immo
2021 3985 2113 4044 his
2153 3985 2308 4048 ultro
2351 3986 2536 4047 honor
2571 3995 2636 4047 et
2665 3987 3027 4048 emolumen-

1133 4083 1261 4134 tum
1304 4075 1718 4156 adjiciebatur,
1760 4079 1919 4161 quod
1965 4101 2043 4141 ex
2089 4101 2290 4142 eorum
2337 4102 2578 4144 numero
2616 4085 2830 4163 vig-inti
2869 4085 3030 4145 viros

1131 4170 1466 4234 dividendis
1506 4177 1660 4254 agris
1697 4178 1942 4238 creabat
1985 4177 2209 4250 Caesar,
2253 4201 2432 4262 seque
2473 4183 2820 4243 nominatim
2861 4181 3028 4242 exci-

1134 4269 1357 4349 piebat,
1384 4291 1456 4332 ne
1480 4273 1709 4335 scilicet
1745 4293 1913 4336 suum
1955 4276 2016 4338 in
2058 4297 2226 4338 usum
2265 4277 2493 4360 aliquid
2532 4280 2681 4341 ferre
2719 4280 3027 4340 existima·

1132 4373 1309 4426 retur.
