3300 5234
804 2860 887 2911 An
890 2866 955 2912 ct.
976 2860 1039 2911 de

771 2926 837 2976 B.
854 2927 997 2991 Hisp-

802 3057 956 3106 Auct.
973 3056 1034 3107 de

770 3120 836 3171 B.
862 3120 1007 3187 Hisp-

1727 558 1800 613 Ψ.
1845 558 2052 615 mvn

1084 702 1353 767 meritam
1385 701 1692 771 civitatem
1723 708 1855 770 tola
1873 704 2180 773 'adventus
2209 712 2304 775 sui
2339 700 2503 774 fama
2530 700 2768 773 liberari
2789 724 2992 799 posse,

1086 802 1299 865 relicta
1322 805 1537 886 majori
1560 814 1731 888 parte
1755 806 2035 881 militum,
2059 828 2195 871 cum
2233 810 2438 892 paucis
2475 810 2580 892 qui
2617 812 2788 891 sequi
2825 820 3002 893 pote-

1085 909 1242 972 rant,
1267 902 1349 962 ab
1372 904 1642 982 equitatu
1669 902 1848 964 Fabii
1873 912 1938 965 et
1962 905 2147 966 Pedii
2181 906 2532 985 legatorum,
2572 918 2753 989 quem
2782 928 3008 969 occur·-

1084 1016 1213 1057 rere
1238 996 1351 1059 sibi
1368 1000 1654 1079 jusserat,
1679 999 1740 1060 in
1763 1009 1962 1061 castra
1981 1000 2274 1065 deductus
2295 1012 2404 1065 est.
2489 1004 2612 1065 Sed
2640 1004 3002 1085 Pompeius,

1084 1112 1267 1155 unum
1310 1095 1503 1157 virum
1536 1098 1640 1157 uni
1677 1116 1798 1159 non
1843 1096 1996 1159 adeo
2040 1108 2320 1181 praestare
2359 1108 2548 1176 ratus,
2581 1100 2647 1161 in
2683 1100 3000 1163 obsidione

1086 1192 1463 1273 persistebat.

1166 1294 1269 1349 42.
1313 1286 1521 1350 Caesar
1554 1288 1736 1369 igitur
1775 1288 2053 1351 undecim
2081 1286 2356 1352 cobortes
2375 1311 2484 1373 per
2508 1290 2582 1353 L.
2607 1290 2843 1353 Julium
2866 1292 3004 1354 Pa-

1085 1386 1306 1447 tiecum
1347 1386 1682 1448 introduxit
1727 1386 1964 1460 Ullam,
2005 1408 2114 1469 per
2157 1388 2358 1450 media
2404 1389 2686 1471 Pompeii
2725 1391 3006 1472 presidia

1088 1490 1285 1546 tutum
1329 1486 1443 1545 iter
1484 1485 1782 1566 praebente
1829 1494 2002 1546 nocte
2039 1486 2232 1548 ventis
2272 1494 2336 1547 et
2371 1488 2826 1568 tempestatibus
2866 1488 3006 1548 bor-

1085 1582 1259 1643 rida:
1302 1582 1428 1664 ipse
1452 1582 1760 1644 contendit
1785 1582 2154 1656 Cordubam,
2181 1603 2300 1644 non
2339 1584 2517 1645 modo
2555 1602 2660 1666 spe
2693 1584 3006 1646 avertendi

1090 1679 1457 1761 Pompeium
1484 1680 1563 1740 ab
1590 1679 1768 1754 Ulla,
1809 1679 1918 1741 sed
1952 1679 2132 1741 etiam
2165 1680 2440 1762 capiendi
2477 1701 2584 1762 per
2607 1680 3005 1764 proditionem

1090 1777 1321 1858 oppidi,
1368 1798 1549 1859 quam
1595 1778 1654 1838 ei
1692 1797 1860 1860 spem
1904 1776 2089 1859 legati
2135 1778 2608 1839 Cordubensium
2651 1779 3004 1859 injecerant,

1091 1893 1319 1955 nupero
1341 1875 1472 1954 ejus
1498 1874 1784 1947 adventu,
1809 1894 1946 1937 cum
1983 1894 2021 1935 a
2044 1874 2346 1957 Pompeio
2371 1876 2550 1938 modo
2573 1874 3004 1949 discessissent,

1090 1971 1331 2033 obviam
1354 1972 1625 2053 profecti.
1666 1972 1870 2033 Priori
1895 1973 2142 2034 consilio
2167 1973 2473 2055 respondit
2491 1983 2758 2036 evenms.
2803 1972 3010 2034 Nam-

1092 2088 1209 2149 que
1234 2068 1381 2129 Sex.
1406 2069 1760 2150 Pompeius,
1786 2070 2052 2151 quicum
2077 2070 2350 2151 praesidio
2368 2071 2717 2132 Cordubam
2741 2071 3007 2144 tenebat,

1091 2166 1341 2248 trepidis
1364 2168 1588 2228 nuntiis
1612 2168 1833 2229 accivit
1867 2166 2129 2229 fratrem.
2214 2166 2320 2230 Sic
2345 2178 2408 2229 et
2433 2167 2590 2229 Ulla
2611 2188 2799 2251 prope
2823 2178 3010 2251 capta

1090 2262 1409 2325 discrimen
1436 2264 1688 2345 effugit3
1735 2273 1802 2326 et
1825 2265 2114 2327 Corduba
2137 2284 2178 2327 a
2202 2266 2441 2328 Caesare
2465 2266 2678 2329 relicta
2700 2275 2812 2339 est,
2830 2286 3010 2349 quem

1093 2370 1310 2442 praeter
1332 2362 1562 2423 bostem
1584 2363 1769 2426 etiam
1791 2382 2012 2425 vexare
2055 2365 2294 2426 morbus
2325 2372 2609 2447 coeperat.
2693 2363 2895 2445 Igitur
2917 2364 3012 2425 di-

1091 2456 1287 2519 latum
1324 2458 1385 2519 in
1420 2458 1698 2541 hyemem
1720 2460 1976 2534 bellum,
2001 2480 2195 2543 neque
2235 2460 2558 2523 discessum
2599 2462 2662 2522 in
2701 2462 3008 2544 hyberna:

1092 2574 1235 2617 cum
1274 2556 1511 2617 interim
1544 2566 1822 2639 quartum
1855 2558 2087 2634 consul,
2112 2568 2176 2619 et
2199 2559 2602 2622 valetudinem
2635 2560 3014 2641 recuperavit

1098 2651 1331 2727 Caesar,
1384 2660 1448 2714 et
1490 2662 1722 2737 partem
1765 2656 2085 2732 exercitus,
2129 2676 2267 2737 quoe
2309 2656 2594 2739 consequi
2639 2654 3014 2718 celeritatem

1095 2751 1227 2830 ejus
1260 2751 1629 2832 nequiverat,
1665 2753 1909 2834 recepit.
1913 2752 1948 2787 ⁴*

1176 2855 1279 2910 43.
1321 2850 1571 2931 Ategua
1594 2848 1994 2911 firmissimum
2027 2858 2158 2911 erat
2193 2848 2534 2932 praesidium
2559 2849 2868 2933 Pompeii,
2895 2868 3018 2932 quo

1096 2944 1417 3027 plurimum
1447 2946 1731 3008 frumenti
1769 2956 2203 3030 comportatum
2240 2947 2456 3010 fuerat.
2542 2947 2623 3009 Id
2649 2949 2850 3010 subito
2875 2946 3020 3008 Οε-

1094 3063 1193 3104 sar
1238 3064 1566 3125 aggressus,
1608 3045 2062 3107 circumvallare
2102 3045 2379 3119 instituit,
2419 3066 2638 3127 susque
2681 3045 2882 3129 deque
2927 3044 3018 3105 fe-

1096 3148 1263 3202 rente
1289 3143 1613 3225 Pompeio,
1643 3144 1747 3225 qui
1785 3144 2212 3205 munitionibus
2249 3143 2457 3226 oppidi
2491 3141 2772 3217 confisus,
2808 3160 3020 3225 parce-

1097 3239 1207 3299 bat
1242 3239 1534 3303 militibus
1572 3244 1718 3315 suis,
1761 3242 1922 3323 prius
1961 3242 2308 3303 existimans
2350 3241 2642 3313 futurum,
2677 3249 2748 3302 ut
2783 3239 3020 3320 frigoris

1096 3336 1476 3399 vehementia
1512 3339 1823 3401 desisteret
1865 3340 2094 3413 Caesar,
2147 3359 2328 3420 quam
2378 3338 2630 3419 Ategua
2681 3346 3016 3419 caperetur.

1101 3431 1226 3493 Sed
1270 3434 1380 3496 illo
1421 3436 1786 3518 pertinacius
1829 3438 2109 3510 instante,
2141 3455 2281 3533 cum
2319 3438 2588 3499 exercitu
2633 3434 2846 3497 eodem
2881 3456 3020 3517 pro-

1098 3527 1292 3593 fectus
1328 3542 1441 3595 est.

1183 3634 1286 3689 44.
1332 3630 1538 3692 Multa
1564 3629 1718 3691 forte
1744 3628 2044 3691 castella
2027 3650 2086 3691 m
2116 3628 2441 3692 adventum
2477 3630 2612 3710 ejus
2637 3636 3029 3693 exstruxerat

1106 3720 1336 3799 Caesar,
1362 3735 1434 3788 ut
1456 3730 1727 3809 equitum
1752 3724 2139 3808 peditumque
2164 3726 2453 3809 proesidiis
2487 3726 2825 3791 venientem
2851 3746 3022 3789 arce·

1103 3831 1214 3883 ret.
1282 3822 1407 3885 Sed
1432 3824 1585 3885 forte
1612 3823 1856 3894 accidit,
1883 3830 1953 3883 ut
1975 3843 2096 3902 quo
2121 3832 2390 3905 tempore
2416 3822 2748 3903 Pompeius
2770 3824 3022 3897 veniret,

1102 3915 1217 3980 s'ub
1240 3932 1435 3983 ortum
1459 3921 1583 3982 diei
1608 3920 1830 3984 nebula
1861 3920 2222 3981 crassissima
2255 3920 2474 3981 coelum
2497 3926 2743 4000 tegeret.
2827 3920 3022 4001 Igitur

1104 4039 1180 4081 eo
1222 4018 1459 4080 facilius
1497 4026 1561 4078 et
1596 4018 1862 4098 perrupit
1887 4015 2142 4077 Caesaris
2179 4016 2478 4099 praesidia,
2520 4025 2583 4077 et
2625 4016 2846 4079 multos
2889 4020 3024 4099 ejus

1105 4117 1334 4198 equites
1358 4114 1637 4177 concidit.
1701 4112 1988 4192 Legiones
2011 4115 2254 4175 omnino
2279 4113 2543 4174 babebat
2565 4113 2887 4175 tredecim:
2913 4112 3022 4175 sed

1026 4288 1042 4303 ἱ
1106 4215 1324 4295 quibus
1358 4212 1656 4295 praecipue
1681 4208 2029 4282 confideret,
2055 4209 2194 4271 duae
2217 4218 2388 4272 erant
2409 4211 2770 4285 vernaculae,
2807 4230 2948 4293 quoe
2983 4231 3023 4272 a

1695 4419 1726 4450 ‘⁸
1763 4416 1828 4471 A.
1853 4418 1921 4470 U.
1941 4418 2002 4471 C.
2020 4422 2140 4471 707.
2175 4418 2238 4472 Α.
2263 4418 2427 4471 00⁴⁵.
