3300 5234
761 576 942 650 6194

1740 598 1813 646 Τ.
1859 597 2052 647 mvn

1087 738 1421 823 nuspicione
1459 738 1921 822 compleverant.
2004 738 2197 815 Nem,
2224 740 2432 823 paucis
2466 742 2710 805 mutetis
2740 744 3013 805 centuri-'

1089 838 1324 911 onibus,
1357 838 1536 899 iidem
1575 838 1813 899 ordines
1850 840 2253 921 manipulique
2290 840 2635 911 manebunt,
2674 840 2889 921 quales
2926 854 3011 903 eo‘

1084 944 1350 1017 tempore
1371 935 1630 1008 fuerent,
1656 956 1793 997 cum
1818 934 1897 995 ed
1924 934 2253 999 Corfinium
2280 958 2319 997 a
2345 936 2585 998 Caesare
2608 948 3003 1019 caperentur·

1085 1042 1372 1115 proeteren.
1394 1054 1578 1113 genus
1599 1042 1729 1095 erut
1751 1033 2078 1106 hominurn,
2104 1054 2183 1095 ex
2208 1035 2545 1116 municipiis
2566 1035 2866 1117 Pompeio
2892 1036 3005 1097 ad-

1079 1128 1445 1203 diutissimis,
1481 1130 1727 1212 Peligni
1772 1130 2099 1211 Mer-sique.
2184 1132 2347 1193 Haec
2386 1134 2586 1193 omniu
2628 1154 2747 1194 nou
2790 1155 3005 1216 purum

1083 1246 1332 1308 magnes
1355 1228 1602 1289 timendi
1626 1248 1839 1289 causas
1864 1228 2213 1302 efferebant,
2234 1238 2298 1290 et
2314 1228 2477 1340 quod
2502 1231 2803 1311 superiore
2824 1242 3003 1293 nocte

1081 1324 1234 1385 inter
1265 1324 1653 1405 transfugium
1682 1345 2005 1407 paucorum
2030 1326 2266 1407 excepti
2290 1327 2589 1406 graviores
2614 1326 2861 1408 quidum
2886 1329 3003 1389 mi-

1079 1419 1252 1483 litum
1303 1442 1620 1495 sermones,
1674 1422 1942 1483 nonnulli
1989 1432 2054 1483 et
2102 1420 2344 1484 conficti
2394 1432 2583 1486 erunt.
2685 1423 2885 1505 Igitur
2934 1427 3001 1487 in

1079 1521 1390 1602 principiis
1429 1520 1508 1581 de
1551 1540 1784 1581 summe
1825 1541 2020 1583 rerum
2058 1521 2363 1583 sententie
2406 1520 2775 1585 dicebantur.
2858 1524 3003 1587 Alii

1075 1617 1536 1699 regrediuudum
1569 1618 1632 1679 in
1666 1626 1863 1679 cestre
1894 1618 2174 1681 Cornelia
2197 1619 2557 1689 censebant:
2604 1620 2853 1699 quidum
2888 1644 3003 1706 op—

1077 1714 1401 1797 pugnanda
1441 1714 1700 1775 hostium
1740 1723 1955 1777 cestra.
2040 1715 2341 1777 Neutrum
2384 1715 2699 1776 consilium
2740 1717 3001 1783 Curioni

1075 1811 1338 1894 placuit:
1385 1812 1636 1874 alterum
1674 1814 1898 1893 abjecti
1941 1813 2117 1874 nimis
2153 1812 2357 1885 enimi,
2398 1812 2653 1875 alterum
2696 1818 2999 1879 temerarii

1075 1910 1412 1973 videbatur.
1457 1940 1470 1959 ·

1153 2014 1256 2071 60.
1285 2008 1502 2089 Igitur,
1521 2008 1765 2071 dimisso
1786 2006 2056 2079 consilio,
2080 2006 2296 2069 milites
2317 2008 2395 2070 ad
2414 2008 2757 2071 concionem
2778 2018 2963 2073 vocet
2976 2032 2997 2073 ε

1075 2112 1096 2141 ⁸
1113 2115 1400 2187 quantum
1425 2128 1626 2167 eorum
1652 2105 1795 2168 fidei
1823 2104 2029 2165 Caesnr
2047 2104 2297 2177 credet,'
2322 2107 2591 2187 exponit.
2660 2115 2679 2143 ‘
2709 2106 2859 2169 Non
2886 2108 2997 2169 de·-

1070 2202 1212 2265 bere
1237 2205 1396 2265 hunc
1421 2204 1632 2277 deseri,
1661 2226 1699 2266 e
1727 2225 1845 2286 quo
1870 2204 2135 2264 maxime
2164 2202 2283 2264 siut
2306 2203 2683 2285 expectanda
2708 2206 2995 2287 praemie3

1071 2302 1394 2383 praesertim
1405 2302 1491 2383 dij
1499 2302 1875 2381 udicatejem
1889 2300 2300 2372 fortunebelli,
2312 2299 2660 2381 duabusque
2675 2300 2999 2384 Hispaniis

1069 2400 1346 2480 receptis.
1430 2400 1677 2461 Frustra
1692 2402 1930 2479 jactare
1957 2400 2121 2480 prius
2146 2406 2578 2459 sacramentum
2600 2398 2995 2461 adversarios.

1072 2494 1144 2557 N
1145 2518 1222 2558 on
1249 2496 1510 2578 legiones
1527 2497 1703 2571 illud,
1723 2496 1829 2558 sed
1848 2496 2063 2557 ducem
2086 2496 2417 2557 Domitium
2440 2496 2765 2577 abrupisse.
2830 2496 2995 2559 Pro·

1069 2592 1228 2655 ditos
1261 2595 1340 2655 ab
1375 2614 1448 2657 eo
1489 2595 1729 2667 milites,
1768 2614 1807 2655 u
1842 2594 2083 2655 Caesare
2118 2601 2517 2665 conservatos,
2552 2613 2671 2653 nou
2711 2593 2996 2656 beneficii

1071 2690 1248 2752 modo
1283 2693 1495 2772 gretia,
1526 2691 1631 2754 sed
1670 2693 1731 2752 iu
1764 2691 1952 2753 verba
1988 2690 2245 2751 Caeseris
2276 2698 2486 2771 sponte
2524 2690 2795 2762 adactos,
2830 2712 2997 2755 nova

1066 2787 1354 2870 religione
1393 2789 1602 2851 teneri.
1687 2788 1874 2858 Quod
1908 2788 1961 2849 si
1996 2808 2237 2849 causum
2274 2808 2311 2847 a
2349 2788 2585 2848 Camere
2620 2787 2995 2850 desciscendi

1066 2886 1308 2951 nullam.
1333 2887 1617 2959 habeant,
1660 2887 1721 2947 in
1764 2907 1827 2947 se
1872 2906 2111 2967 quoque
2158 2884 2305 2945 nibil
2352 2906 2478 2946 esse
2518 2906 2779 2966 sperare,
2822 2884 2995 2967 quod

1066 2982 1352 3046 offendet.
1435 2982 1805 3045 Praecleram
1844 2984 1958 3044 sibi
2004 3002 2147 3062 erge,
2185 2981 2402 3043 milites
2440 2982 2809 3043 voluntatem
2840 3002 2993 3043 con-

1063 3088 1220 3141 stare
1248 3100 1265 3143 ε
1332 3080 1704 3161 diligentiam
1763 3079 1916 3142 duce
1967 3080 2209 3159 dignam
2267 3080 2607 3160 praestitisse
2657 3078 2989 3140 hactenus:

1063 3178 1244 3239 etiam
1287 3177 1584 3240 fortunam
1631 3178 1869 3239 affuisse
1912 3179 2244 3239 conatibus.
2347 3177 2559 3259 Atque
2606 3176 2735 3238 haec
2784 3178 2993 3239 omnia

1063 3294 1252 3358 nuper
1297 3275 1448 3338 adeo
1493 3296 1777 3337 consensu
1828 3276 2233 3337 universorum
2277 3294 2402 3335 eme
2450 3274 2803 3355 approbata,
2848 3296 2991 3336 cum

1061 3374 1143 3435 sit
1181 3375 1500 3455 imperator
1537 3374 1616 3435 ab
1662 3375 1737 3434 iis
1778 3373 2134 3455 appellatus·
2221 3372 2417 3453 Cujus
2455 3372 2688 3433 honoris
2728 3374 2999 3453 gretiam·

1061 3486 1124 3531 se
1161 3471 1306 3551 ipsis
1337 3470 1557 3544 fecere,
1592 3472 1644 3533 si
1684 3471 2011 3553 poenitean'

1140 3575 1243 3631 61.
1295 3568 1524 3631 Adhuc
1575 3568 1873 3631 dicentem
1926 3569 2239 3651 interrupit
2286 3566 2546 3629 militum
2594 3566 2845 3637 clamor,
2892 3565 2987 3628 in-

1059 3664 1240 3746 digne
1274 3667 1611 3740 ferentium,
1650 3666 1814 3748 quod
1850 3668 2107 3747 suspecti
2146 3664 2497 3747 proditionis
2528 3673 2757 3733 essent;
2802 3672 2865 3724 et
2904 3662 2989 3723 ed

1059 3766 1260 3826 omnia.
1284 3764 1550 3848 pericula
1570 3764 1751 3826 fidem
1770 3784 1939 3825 suum
1956 3784 2315 3844 operumque
2334 3762 2729 3823 offerentium.
2796 3760 2997 3822 Unde·

1060 3860 1249 3925 Curio
1271 3864 1408 3941 jam
1446 3862 1785 3935 animosior,
1813 3862 2094 3943 postridie
2130 3860 2343 3922 eodem
2372 3860 2505 3921 loco
2529 3879 2650 3940 quo
2690 3864 2892 3929 entes,
2920 3858 2987 3917 in

1058 3960 1190 4019 acie
1237 3961 1444 4021 astitit.
1550 3958 1785 4019 Eduxit
1826 3966 1888 4019 et
1929 3956 2134 4019 Verus
2176 3978 2337 4031 suos,
2383 3966 2634 4037 uterque
2681 3955 2987 4035 legionum

1059 4053 1540 4118 Domitianas-um
1582 4054 1829 4128 fiducie,
1876 4074 2026 4137 quas
2070 4055 2257 4117 Curio
2302 4073 2611 4115 mensures
2652 4053 2713 4113 in
2756 4052 2985 4113 recenti

1054 4162 1446 4227 sacramento,
1490 4152 1696 4215 Verus
1738 4154 2029 4215 rediturus
2072 4152 2151 4213 ed
2196 4160 2389 4223 vetus,
2438 4152 2751 4235 putebant.
2854 4146 2983 4209 Sed

1057 4250 1162 4311 ubi
1195 4253 1417 4315 vallem
1442 4254 1690 4315 transire
1716 4250 1871 4313 Vari
1906 4252 2211 4333 equitatus
2232 4250 2425 4312 omnis
2448 4269 2586 4311 cum
2624 4256 2791 4330 perte
2826 4246 2981 4307 levis

1056 4358 1374 4412 armaturae
1407 4352 1618 4433 coepit;
1663 4352 1893 4433 equites
1918 4350 2197 4411 Curionis
2228 4368 2365 4409 cum
2401 4347 2637 4409 duabus
2681 4344 2978 4405 Marruci-

1057 4466 1264 4510 norum
1300 4451 1644 4514 cohortibus
1677 4450 1899 4531 impetu
1936 4444 2122 4523 facto,
2152 4446 2387 4509 relictos
2422 4466 2461 4507 a
2494 4446 2616 4508 suis
2637 4443 2853 4507 velites
2875 4458 2977 4501 ce-
