3300 5234
819 588 1029 640 mam
1079 590 1227 643 cvi.
1268 588 1922 641 supremam-um.
2301 574 2480 643 5⁰95

255 732 431 794 dendi
466 732 641 815 copia
668 731 869 805 fieret,
904 733 984 794 ad
1016 732 1221 795 dolum
1248 755 1311 795 se
1346 735 1662 806 convertit,
1701 753 1876 816 quem
1902 731 2147 814 jamdu-

254 832 395 893 dum
418 839 733 903 struxerat,
766 840 835 893 ut
866 832 1235 892 simulatione
1258 833 1423 913 pacis
1444 832 1728 913 deceptos
1759 831 2148 892 circumveni·

252 937 363 988 ret.
440 926 629 987 Hunc
675 928 737 987 in
782 948 949 987 usum
994 948 1075 989 ex
1118 930 1447 1009 composito
1486 928 1547 987 in
1587 928 1894 988 Parthicis
1943 928 2154 989 castris

252 1044 561 1097 sermones,
584 1026 657 1085 iis
682 1025 829 1085 locis
854 1026 959 1085 ubi
978 1026 1177 1108 excipi
1202 1045 1243 1086 a
1262 1026 1513 1106 captivis
1536 1033 1794 1106 possent,
1820 1026 1935 1085 seri
1951 1027 2148 1104 jusse-

250 1130 378 1191 ηις
407 1132 425 1157 ‘
440 1120 731 1183 beneficio
757 1124 943 1202 magis
967 1122 1197 1202 illigare
1226 1122 1557 1194 Romanos,
1580 1144 1762 1203 quam
1786 1122 2148 1183 interneciuo

252 1218 407 1278 bello
430 1218 631 1281 delere
655 1221 1021 1281 constituisse
1046 1220 1284 1299 regem?
1366 1218 1447 1280 Id
1476 1221 1726 1301 captivi,
1761 1218 1838 1279 de
1861 1218 2148 1279 industria

252 1315 635 1395 negligentius
670 1318 973 1390 asservati,
1012 1318 1361 1379 deferebant
1396 1316 1473 1377 ad
1514 1336 1670 1377 suos.
1757 1314 1952 1377 Simul
1996 1334 2146 1396 pug-
2249 1344 2261 1356 x

252 1432 383 1473 nam
404 1414 788 1475 remittebant
810 1416 1073 1486 barbari,
1110 1424 1173 1475 et
1194 1434 1329 1476 cum
1362 1414 1726 1475 nobilissimo
1748 1434 1986 1495 quoque
2009 1434 2144 1473 sen-

250 1507 355 1567 sim
396 1509 475 1569 ad
516 1510 734 1571 collem
787 1509 1071 1573 advectus
1116 1511 1395 1583 Surenas,
1438 1531 1617 1572 nervo
1663 1530 1836 1573 arcus
1877 1511 2144 1581 remisso,

254 1606 473 1665 ‘invito
506 1626 647 1685 rege
670 1608 943 1667 virtutem
968 1628 1031 1667 se
1063 1608 1418 1669 Parthicam
1452 1606 1772 1668 ostendisse
1809 1605 2103 1666 Romanis
2123 1607 2143 1633 '

252 1702 473 1764 aiebat:
516 1712 537 1739 ¹
562 1724 717 1765 nunc
744 1704 853 1764 illo
876 1704 1113 1766 volente
1146 1704 1419 1766 daturum
1458 1713 1519 1765 et
1546 1704 1928 1765 humanitatis
1949 1704 2140 1783 speci-

250 1818 397 1871 men,
420 1800 660 1880 ictoque
687 1800 904 1861 soedere
928 1802 1179 1863 salutem
1204 1802 1597 1883 praestiturum
1624 1800 2018 1861 abeuntibus?

323 1904 419 1957 54.
460 1898 627 1959 Haec
652 1918 767 1959 non
792 1918 959 1959 secus
978 1901 1055 1960 ab
1078 1898 1371 1960 Romanis
1395 1898 1862 1979 accipiebantur,
1883 1915 2062 1977 quam
2085 1897 2136 1957 si
2161 1884 2396 2002 xffiffc‘g·

253 1994 471 2075 abipso
496 2014 635 2073 rege
663 1994 1012 2057 dicerentur.
1097 1995 1357 2057 Surenas
1380 1996 1561 2066 enim,
1584 2016 1701 2055 non
1727 1996 1844 2056 viri
1867 1993 1975 2055 sed
2004 1992 2136 2077 dig·
2300 1986 2315 2001 ⁹
2377 1986 2394 2003 ⁰

248 2092 437 2151 nitatis
458 2111 699 2161 nomen,
730 2112 919 2173 eoque
956 2091 1243 2153 inferioris
1281 2094 1460 2153 etiam
1502 2093 1613 2151 aevi
1649 2092 1858 2152 Persis
1893 2111 2136 2171 usurpa-

248 2194 385 2258 tum,
410 2188 751 2266 magistrum
775 2187 985 2249 vexilli
1006 2190 1129 2249 sive
1156 2189 1383 2250 militiae
1416 2186 1791 2269 significante
1812 2186 2132 2257 vocabulo,

248 2284 537 2361 proximus
564 2286 917 2345 auctoritate
952 2295 1019 2346 et
1050 2286 1316 2366 potentia
1340 2287 1463 2365 regi
1488 2293 1652 2346 erat:
1695 2294 1758 2345 et
1783 2285 1884 2366 qui
1910 2292 2036 2345 tum
2060 2302 2136 2343 eo
2157 2278 2291 2331 ΡΜ·

246 2376 449 2440 honore
469 2379 849 2459 fungebatur,
876 2381 1090 2463 opibus
1112 2391 1175 2442 et
1198 2402 1407 2460 genere
1431 2380 1834 2462 proecellebat.

316 2482 410 2535 55.
452 2476 776 2537 Gentilitia
810 2479 869 2538 ei
896 2478 1289 2558 praerogativa
1322 2486 1473 2549 erat,
1510 2487 1579 2538 ut
1608 2477 1738 2556 regi
1768 2474 2134 2537 Parthorum

242 2570 505 2633 diadema
526 2574 749 2653 primus
764 2575 1109 2655 imponeret.
1154 2574 1264 2635 Ad
1284 2575 1411 2635 haec
1430 2576 1517 2635 uti
1540 2582 1766 2633 statura
1789 2581 1854 2633 et
1875 2571 2132 2653 pulchri-

244 2667 432 2729 tudine
454 2671 739 2749 corporis‚
766 2672 855 2731 ita
876 2672 1095 2731 virtute
1120 2680 1183 2731 et
1220 2671 1471 2733 consilio
1496 2668 1680 2732 facile
1704 2678 1836 2730 erat
1870 2670 2132 2730 omnium

242 2764 517 2847 princeps,
564 2766 711 2827 licet
752 2768 1109 2828 tricesimum
1146 2768 1339 2827 aetatis
1364 2788 1581 2828 annum
1626 2766 1886 2827 nondum
1921 2764 2132 2847 imple·

242 2860 425 2921 viset.
509 2862 719 2943 Ipsum
751 2864 1006 2943 quitum
1030 2863 1319 2943 regnabat
1344 2863 1612 2935 Oroden,
1639 2863 1874 2945 pulsum
1903 2882 1944 2923 a
1968 2862 2132 2922 Par-

243 2958 365 3031 this,
388 2960 731 3032 reduxerat,
756 2970 821 3020 et
854 2980 1128 3040 magnam
1151 2960 1487 3021 Seleuciam
1514 2960 1822 3040 redegerat
1845 2961 1906 3019 in
1931 2968 2128 3041 potes-

243 3064 429 3129 tatem,
456 3058 681 3137 primus
704 3057 961 3117 omnium
986 3076 1307 3117 conscenso
1332 3077 1521 3128 muro,
1546 3066 1607 3117 et
1642 3056 1890 3139 repulsis
1921 3056 2128 3117 defen-

242 3153 471 3215 soribus.
558 3154 815 3220 Quoties
846 3154 959 3214 iter
990 3153 1235 3224 faceret,
1264 3152 1425 3213 mille
1449 3153 1666 3215 cameli
1691 3173 1828 3214 cum
1853 3154 2124 3225 sarcinis,

244 3258 297 3308 et
332 3251 525 3311 rhedae
570 3249 843 3311 ducentae
888 3249 1169 3331 pellicum
1214 3253 1648 3332 sequebantur:
1691 3251 1921 3331 equites
1957 3259 2122 3312 cata-

244 3345 449 3424 phracti
494 3347 665 3407 mille
706 3346 1027 3429 stipabant,
1070 3346 1281 3408 leviter
1315 3356 1670 3409 armatorum
1709 3347 1896 3408 multo
1933 3350 2126 3428 major
2303 3412 2320 3423 „

244 3459 511 3505 numerus.
596 3442 922 3504 Clientium
958 3444 1135 3505 etiam
1178 3452 1241 3505 et
1274 3464 1571 3505 servorum
1616 3446 1782 3522 (nam
1827 3452 1894 3504 et
1923 3464 2124 3506 servos
2143 3466 2445 3521 smum,

244 3542 533 3601 armabant
556 3540 801 3619 Parthi)
828 3540 1093 3602 habebat
1114 3540 1275 3609 haud
1298 3542 1455 3601 intra
1478 3540 1688 3603 decem
1711 3540 1924 3601 millia.
2141 3563 2278 3615 mm,

312 3644 403 3699 66.
442 3638 572 3699 Sed
618 3636 888 3711 Onasus,
934 3638 1111 3699 toties
1162 3636 1467 3719 deceptus,
1506 3639 1861 3700 contabatur
1898 3638 2118 3699 habere

240 3734 417 3795 verbis
441 3733 695 3795 Surenae
716 3732 933 3796 fidem:
972 3734 1165 3795 donec
1189 3734 1449 3797 clamore
1472 3744 1537 3797 et
1556 3736 1842 3796 conviciis
1863 3734 2118 3795 militum

244 3831 399 3893 armis
444 3832 925 3913 concrepantium
980 3831 1245 3892 omnium
1296 3841 1563 3903 coactus,
1614 3840 1633 3869 ‘
1675 3830 1851 3901 Vos,'
1901 3832 2116 3912 inquit,

244 3933 259 3958 ‘
283 3924 485 3989 Octavi
513 3928 913 4009 Petronique,
938 3936 1001 3987 et
1023 3936 1318 4009 quotquot
1332 3927 1551 3989 adestis
1573 3927 1758 4007 legati
1785 3927 2116 4008 tribunique

146 4042 157 4061 ·
244 4016 511 4097 Romani,
547 4032 753 4097 testor,
784 4024 1025 4103 indigne
1052 4032 1121 4085 et
1152 4023 1436 4085 violenter
1460 4044 1555 4087 me
1580 4024 1642 4085 in
1669 4024 1936 4085 ordinem
1959 4024 2114 4103 cogi.

244 4114 359 4178 Vos
380 4128 577 4181 autem
599 4120 1063 4182 circumventum
1088 4122 1167 4183 ab
1199 4121 1489 4194 hostibus,
1524 4141 1643 4187 non
1681 4140 1722 4181 a
1756 4121 1986 4181 civibus
2005 4118 2114 4181 de-

242 4210 408 4276 ditum
429 4216 675 4299 perisse,
700 4236 1075 4299 quocumque
1104 4218 1504 4299 perveneritis,
1542 4215 1799 4279 dicetis?
1877 4216 2112 4298 Paetus

242 4308 431 4373 deinde
468 4334 607 4375 cum
647 4314 906 4385 Partho,
950 4324 971 4352 ⁸
994 4316 1085 4375 uti
1122 4322 1287 4377 certo
1333 4314 1490 4389 loco,
1534 4316 1639 4395 qui
1683 4312 1993 4394 aequaliter
2031 4314 2112 4375 ab

244 4416 465 4489 unoque
492 4412 767 4472 exercitu
799 4410 1068 4482 distaret,
1106 4412 1237 4493 pari
1272 4430 1515 4475 numero
1548 4411 1830 4476 comitum
1867 4430 2110 4493 congre·

242 4502 535 4583 derentnr,'
558 4508 619 4569 in
646 4506 953 4591 planitiem
975 4507 1305 4575 ‹le-cendit.
2239 4538 2292 4585 a:
2327 4554 2340 4603 3
