3300 5234
918 568 1129 621 unni
1177 568 1403 621 cxix.
1444 568 2095 622 SUPPLBMENTUM.
2441 542 2619 621 5433

459 721 561 776 40.
607 711 733 775 His
756 713 931 776 rebus
962 713 1243 777 effectum
1268 722 1362 777 est
1380 724 1449 778 ut
1470 724 1710 777 senams
1733 713 2042 799 aliquanto
2073 714 2287 781 hones-
2313 721 2437 775 Dio.

379 812 498 873 tius
543 820 798 873 tractare
831 811 1136 873 Caesarem
1182 812 1491 895 inciperet,
1532 811 1894 876 conciliante
1937 812 1994 873 ei
2038 812 2290 894 gratiam

380 908 698 984 Cicerone,
725 911 823 991 cuj
832 930 899 971 us
924 910 1299 972 ambitiosam
1342 920 1704 973 senectutem
1745 910 2140 973 adolescentis
2163 911 2291 973 cal-

380 1005 586 1068 liditas
622 1008 858 1087 egregie
892 1006 1233 1089 deceperat.
1317 1006 1511 1082 Nam,
1538 1008 1702 1089 quod
1746 1009 1876 1091 ipso
1921 1018 2130 1089 postea
2169 1018 2292 1069 tra-
2349 1022 2457 1075 Cic.
2475 1024 2540 1071 ad

382 1103 561 1165 dente
588 1103 833 1165 Caesare
870 1106 1162 1177 constitit,
1200 1104 1433 1165 ruinam
1474 1115 1764 1178 metuens,
1794 1104 2148 1167 Ciceronem
2185 1105 2292 1166 ad-
2321 1088 2456 1138 Bm‘·
2479 1104 2520 1139 ¹·
2539 1092 2621 1138 ¹⁷·

372 1200 629 1281 jungere
672 1210 737 1261 et
780 1196 1031 1263 retinere
1068 1200 1314 1263 studuit.
1412 1202 1598 1270 Quod
1639 1202 1786 1285 quia
1823 1202 1991 1263 nullo
2035 1201 2294 1263 firmiore
2318 1158 2488 1269 etplgi.
2511 1214 2623 1266 Cic.

384 1297 627 1359 vinculo
646 1300 926 1379 consequi
945 1318 1113 1380 pose
1128 1298 1389 1371 rebatur,
1408 1298 1780 1360 consulatum
1801 1298 2057 1360 instituit
2072 1308 2294 1381 petere,
2319 1292 2372 1332 ⁹²
2393 1282 2534 1336 Brut.
2654 1349 2666 1361 ,

384 1395 661 1476 misitque
688 1394 767 1479 ad
796 1395 1153 1457 Ciceronem
1180 1396 1437 1469 nuntios,
1464 1405 1693 1477 patrem
1721 1396 2104 1480 appellitans.
2149 1407 2166 1434 ‘
2197 1396 2296 1458 Ex

385 1512 497 1551 usu
523 1492 789 1574 publico,
829 1503 893 1555 et
938 1493 1129 1575 gloria
1164 1492 1325 1554 illius
1358 1492 1509 1567 fore,
1545 1494 1595 1553 si
1622 1492 1727 1555 det
1761 1514 2026 1575 operam,
2073 1503 2142 1556 ut
2177 1514 2300 1557 una
2323 1514 2544 1578 Appi-n.

388 1598 597 1669 geram
634 1590 1032 1651 consulatum.
1143 1588 1349 1651 Penes
1387 1590 1559 1651 illum
1594 1590 1779 1663 enim,
1837 1600 1904 1651 ut
1940 1592 2200 1672 peritum
2237 1600 2299 1652 et
2323 1579 2442 1631 ⁰³⁰·
2527 1643 2540 1657 .

385 1708 611 1761 senem,
638 1688 759 1749 vim
798 1688 1176 1767 magistratus
1214 1707 1449 1748 omnem
1488 1687 1655 1750 fore:
1699 1708 1763 1747 se
1804 1688 2022 1750 honore
2055 1699 2298 1751 conten·
2323 1642 2590 1773 Pffapssffi.

386 1793 542 1857 tum,
567 1806 673 1867 per
699 1805 877 1867 quem
903 1805 1070 1846 arma
1094 1783 1404 1865 gloriosius
1430 1796 1715 1871 poneretg
1745 1806 1870 1847 ·nec
1889 1786 2072 1847 aliam
2093 1797 2298 1869 peten·
2324 1782 2374 1825 θ*
2443 1775 2533 1823 ¹⁰¹·

388 1881 453 1942 di
480 1882 763 1964 triumphi
787 1902 1029 1943 causam
1052 1882 1279 1943 fuisse?

470 1986 573 2043 41.
616 1979 723 2041 Sic
764 1980 1061 2041 inescatus
1103 1979 1320 2043 Cicero
1360 1980 1660 2059 negotium
1704 1980 1960 2043 Caesaris
1997 1982 2069 2043 iu
2095 1991 2302 2044 senatu

390 2079 547 2159 egit:
571 2086 589 2114 ‘
614 2074 907 2139 Difficilia
924 2096 1051 2137 esse
1070 2076 1417 2158 reipublicae
1436 2085 1723 2161 tempora.
1808 2076 1937 2145 Qui
1961 2098 2099 2140 cum
2117 2078 2304 2161 impe-

391 2177 483 2237 rio
506 2175 648 2245 sint,
691 2174 841 2234 inter
872 2194 935 2235 se
970 2172 1199 2234 foedera
1231 2174 1481 2253 agitare,
1507 2173 1838 2235 inconsulto
1863 2184 2089 2236 senatu.
2175 2175 2305 2237 Re-

391 2273 567 2345 ferre,
610 2281 679 2333 ut
704 2271 1049 2334 adolescens
1070 2272 1199 2359 sine
1222 2290 1405 2332 causa
1428 2269 1858 2333 contumeliose
1883 2272 2144 2345 habitus,
2171 2274 2305 2353 qui-

392 2370 644 2432 busdam
688 2370 1007 2431 honoribus
1044 2369 1393 2431 mulceatur.
1476 2368 1756 2429 Eundem
1801 2388 2044 2448 magnas
2086 2370 2308 2431 habere

392 2472 634 2552 copias:
662 2489 853 2550 neque
878 2477 1005 2529 tam
1030 2468 1307 2529 interesse
1332 2465 1700 2548 reipublicae,
1723 2486 1797 2528 ne
1827 2478 2042 2549 praeter
2067 2477 2306 2531 aetatem

396 2566 509 2629 fiat
530 2566 761 2641 consul,
796 2586 979 2648 quam
1004 2586 1079 2627 ne
1103 2564 1436 2626 simultates
1460 2574 1724 2627 armatus
1747 2574 2044 2627 exerceat.
2091 2578 2098 2587 ’
2130 2564 2308 2626 Prae-

396 2676 563 2727 terea
598 2666 729 2727 dari
770 2664 1065 2745 collegam
1108 2671 1395 2744 tanquam
1434 2682 1623 2745 puero
1653 2672 2076 2744 praeceptorem
2113 2683 2312 2744 posse,

402 2782 475 2824 ne
500 2760 649 2843 quid
674 2770 885 2823 contra
908 2759 1230 2821 utilitatem
1266 2767 1507 2819 senatus
1534 2766 1720 2839 atque
1752 2758 2094 2839 reipublicae
2119 2760 2312 2820 ausit.’

403 2858 527 2921 Sed
552 2859 719 2919 irrisa
734 2868 873 2920 sunt
896 2858 1027 2919 haee
1053 2878 1094 2918 a
1116 2856 1576 2939 permssoribus„
1602 2876 1720 2915 non
1744 2855 1983 2917 occulto
2010 2854 2318 2917 Ciceronis

400 2958 631 3029 morbo,
660 2966 723 3017 et
756 2956 996 3016 minime
1022 2954 1209 3015 dubio
1232 2955 1499 3014 omnium
1537 2954 1832 3034 periculo,
1872 2955 1924 3015 si
1950 2953 2112 3015 filius
2135 2956 2312 3015 inter-

400 3056 571 3127 fecti,
608 3053 885 3135 idemque
924 3054 1157 3133 magnis
1189 3052 1377 3134 copiis
1409 3052 1724 3122 subnixus,
1749 3052 2122 3113 consulatum
2160 3054 2314 3116 indi-

404 3153 743 3235 piscaretur.

484 3256 589 3313 42.
648 3249 845 3329 Igitur
894 3250 1048 3309 inter
1098 3246 1300 3308 omnia
1346 3244 1561 3307 dantes
1608 3254 1676 3305 et
1717 3244 1868 3307 nihil
1919 3246 2320 3329 relinquentes
2343 3262 2460 3313 Dio.

404 3347 604 3410 media
619 3349 721 3409 via
746 3345 999 3430 placuit,
1025 3355 1043 3383 ⁸
1064 3346 1151 3405 uti
1177 3344 1485 3405 sententiae
1511 3344 1665 3407 inter
1689 3344 2028 3407 consulares
2053 3346 2320 3408 ‹licendae

394 3450 501 3529 jus
518 3447 575 3509 ei
601 3446 795 3507 esset-⁹
874 3445 1211 3525 Postquam
1238 3443 1353 3503 hoc
1378 3443 1547 3525 parvi
1574 3440 1784 3515 fiebat,
1810 3443 2138 3518 decretum,
2183 3455 2201 3481 ‘
2233 3447 2320 3507 uti

404 3544 693 3627 proximis
740 3542 997 3629 comitiis
1046 3548 1283 3622 praetor,
1334 3540 1716 3619 sequentibus
1761 3541 1970 3601 consul
2021 3543 2320 3603 renuntia-

407 3641 613 3703 retur!
695 3638 843 3701 Hoc
867 3636 1045 3699 modo
1067 3637 1211 3697 satis
1249 3644 1425 3697 acute
1463 3636 1760 3717 putabant
1783 3637 2026 3697 elusisse
2052 3659 2320 3719 puerum,

408 3748 477 3801 ut
495 3739 607 3821 ipsi
626 3736 869 3819 quidem
888 3734 1191 3817 appellare
1208 3742 1658 3794 consueverant.
1726 3732 1852 3793 Sed
1870 3734 1973 3794 ille
1994 3735 2107 3795 hoc
2129 3738 2318 3817 ipsum
2381 3748 2489 3799 cie.
2509 3746 2574 3796 sd

410 3836 595 3897 veluti
626 3835 963 3897 convicium
988 3832 1067 3894 ad
1092 3830 1493 3893 defensionem
1518 3850 1722 3891 eorum
1753 3851 1890 3911 quae
1925 3832 2322 3895 meditabatur
2345 3812 2554 3929 ξ’ἳξῐήῗ
2574 3816 2653 3926 ἒξ·
2759 3834 2768 3843 ’

411 3934 721 4014 arripiens,
762 3930 993 4013 Lepido
1030 3936 1362 4009 satagente,
1408 3948 1547 3990 cum
1592 3928 1866 3991 Antonio
1907 3931 2326 3993 reconciliavit
2350 3947 2400 3993 1.
2432 3942 2548 3993 Dio.

414 4032 689 4113 gratiam,
728 4050 845 4092 non
870 4028 1085 4090 obvius
1118 4026 1295 4088 modo
1320 4026 1626 4107 excipiens
1657 4026 2024 4120 redeuntem,
2058 4029 2165 4090 sed
2201 4030 2324 4111 ipse
2347 4008 2589 4122 ²3:³¹2&-

412 4130 688 4191 alliciens
709 4148 847 4190 eum
870 4135 937 4189 et
958 4144 1307 4208 provocans.
2350 4136 2483 4201 Aug.
2509 4142 2588 4186 η,

420 4206 428 4215 .
496 4233 599 4287 43.
642 4224 811 4287 Inter
853 4225 1007 4295 haec,
1046 4221 1305 4283 Antonii
1345 4242 1541 4283 rursus
1580 4223 1818 4283 emersit
1851 4222 2111 4299 fortuna,
2154 4228 2328 4307 cuju,
2354 4202 2626 4318 ιὲωὖὲι.

415 4324 493 4389 de
518 4324 694 4387 rebus
732 4321 1067 4384 accuratius
1110 4318 1478 4381 referendum
1508 4328 1621 4392 est,
1665 4320 1794 4381 sine
1829 4342 2078 4402 quarum
2121 4326 2326 4405 cogni-
2355 4332 2484 4397 Epit.
2504 4331 2625 4381 Dio.

418 4424 577 4497 tione
600 4430 819 4483 secutae
844 4438 987 4480 mox
1012 4417 1411 4480 conversionis
1424 4402 1565 4477 ‘tota
1588 4418 1667 4478 sit
1692 4418 1946 4481 obscura
1971 4421 2140 4482 ratio.
2209 4421 2327 4482 Fu-

550 4535 725 4601 Delpk.
740 4539 789 4587 σε
812 4534 931 4587 Ver.
944 4533 1075 4585 ctas.
1434 4530 1625 4583 livius·
2388 4541 2448 4588 13
2483 4536 2530 4589 Ζ
