3300 5234
832 573 1043 624 mum
1094 572 1373 623 cxvm.
1418 572 1766 623 suerum
1781 570 2070 623 surum.
2395 556 2570 623 5413

333 714 489 777 ret.'·
549 714 782 777 Eodem
804 715 1310 777 senatusconsulto
1338 715 1614 777 laudatus
1632 723 1724 777 est
1751 715 1837 782 Q.
1861 714 2244 787 HortensiuS,

320 816 645 893 jussusque
691 821 710 850 ⁸
738 834 876 875 cum
917 814 1001 882 Q.
1054 814 1339 897 Caepione
1376 813 1722 896 proconsule
1766 822 1830 873 et
1872 812 2084 891 legatis
2125 813 2248 874 suis

335 909 761 972 Macedoniam
795 911 1170 993 ‘provinciam
1210 912 1501 983 obtinere,
1528 908 1728 991 quoad
1769 910 1824 969 ei
1869 928 1950 970 ex
1981 916 2246 971 senatus-

330 1006 607 1067 consulto
628 1026 959 1069 mcoessum
982 1008 1106 1069 sit.’
1188 1006 1311 1068 Sed
1336 1015 1400 1068 et
1424 1005 1501 1069 Ο.
1527 1005 1738 1067 Cassio
1761 1005 2087 1078 decretum,
2114 1016 2134 1043 ‘
2153 1007 2246 1067 uti
2267 1014 2485 1081 Appiam.

332 1103 573 1185 Syriam
598 1104 891 1166 obtineret
914 1124 1052 1167 cum
1077 1105 1345 1188 imperio,
1372 1102 1718 1185 bellumque
1741 1122 1878 1165 cum
1915 1102 2246 1165 Dolabella
2265 1081 2570 1199 33³¹·ssssng

329 1202 604 1281 gereret!
683 1201 769 1268 Q.
792 1202 1093 1283 Caepionis
1116 1204 1353 1265 nomine
1376 1222 1495 1263 non
1519 1202 1705 1263 alium
1724 1202 1836 1263 nisi
1863 1200 1959 1262 M.
1987 1200 2252 1261 Brutum·
2300 1212 2406 1263 Cic.
2427 1214 2490 1262 ad

330 1298 589 1377 intelligi
627 1299 987 1361 monendum
1024 1309 1137 1373 est,
1180 1302 1287 1383 qui
1320 1320 1536 1362 nomen
1575 1299 1732 1361 illud
1768 1317 2245 1381 praeuomenque,
2267 1276 2410 1327 Bm·
2426 1294 2465 1329 ¹·
2483 1286 2536 1331 ⁵·

330 1411 471 1454 cum
496 1395 577 1455 ab
602 1394 863 1457 Servilio
894 1395 1181 1479 Caepione
1218 1396 1511 1459 avunculo
1540 1406 1695 1458 esset
1719 1397 2059 1479 adoptatuS,
2085 1395 2244 1456 asci-

329 1500 521 1553 verat.

410 1596 515 1650 21.
560 1588 725 1650 Dum
752 1590 881 1650 haec
906 1591 969 1649 in
996 1589 1331 1651 Antonium
1372 1588 1591 1653 Romae
1626 1586 1781 1651 fiunt
1809 1608 2026 1671 magno
2050 1590 2246 1671 plero-
2267 1606 2386 1670 Dio,
2407 1624 2558 1663 nm,

328 1704 579 1766 rumque
598 1684 819 1757 studio,
842 1705 959 1748 non
996 1685 1309 1747 defuerunt
1328 1688 1435 1767 qui
1461 1696 1662 1768 partes
1693 1689 1826 1767 ejus
1843 1686 2034 1748 modis
2055 1688 2248 1747 omni·

328 1780 443 1840 bus
484 1790 837 1843 tutarentur.
922 1776 1024 1842 Ex
1065 1803 1315 1863 quorum
1354 1802 1618 1856 numero,
1659 1784 1938 1845 adversus
1979 1792 2244 1844 senatus·

328 1876 686 1949 eon-ultum,
712 1898 834 1959 quo
860 1888 1069 1939 contra
1102 1878 1531 1961 rempublicam
1570 1878 1782 1941 fecisse
1821 1880 2244 1941 existimaban-

330 1984 491 2047 tur?
525 1976 605 2035 ad
632 1976 969 2037 Antonium
1006 1974 1257 2056 profecti
1292 1984 1429 2037 sunt
1458 1984 1740 2057 praetores
1763 1978 1897 2057 ejus
1923 1978 2062 2039 anni
2098 1978 2243 2051 duo,
2269 2004 2410 2063 fcic.
2443 2008 2574 2063 Phil.

330 2072 417 2133 P.
446 2071 795 2145 Ventidius,
832 2073 905 2133 L.
933 2072 1205 2134 Marcius
1245 2072 1625 2144 Censorinus,
1669 2092 1938 2155 unusque
1977 2077 2247 2137 tribunus
2270 2088 2391 2121 vm.
2418 2077 2499 2126 11.
2520 2082 2573 2124 et

332 2167 546 2250 plebis,
574 2178 636 2231 et
656 2170 951 2251 designati
974 2168 1117 2242 duo,
1146 2190 1281 2231 cum
1308 2170 1443 2230 aliis
1466 2168 1822 2250 quibusdam
1856 2174 2240 2234 senatoribus.
2268 2143 2518 2252 {afgffit

332 2264 473 2326 Alii
496 2274 802 2328 manentes
826 2267 887 2327 in
931 2265 1103 2327 Urbe
1136 2286 1371 2327 omnem
1393 2286 1502 2347 pro
1528 2264 1800 2326 Antonio
1825 2265 2090 2349 lapidem
2114 2290 2242 2330 mo·
2265 2270 2318 2316 9·
2345 2276 2400 2315 et
2421 2282 2550 2320 111¹·

331 2363 595 2426 vehant:
641 2362 849 2427 Fufius
872 2364 1219 2447 praesertim,
1245 2373 1311 2425 et
1346 2364 1522 2436 Piso,
1551 2363 1900 2446 plerumque
1939 2368 2248 2428 sententiis
2267 2335 2385 2453 gie.

330 2458 615 2521 dissidere
640 2482 679 2521 a
704 2461 995 2523 Cicerone
1014 2460 1197 2533 soliti,
1222 2470 1287 2521 et
1310 2461 1477 2543 pacis
1510 2458 1824 2521 commoda
1856 2462 2241 2524 inculcantes.
2266 2459 2407 2572 Pcic·
2425 2459 2480 2509 ⁵¹²

332 2556 431 2619 Hi
470 2576 665 2639 neque
702 2564 929 2619 vestem
972 2564 1349 2619 mutaverunt
1392 2546 1616 2629 statim,
1655 2564 1718 2617 et
1749 2558 1982 2619 senatui
2005 2558 2245 2621 fuerunt
2267 2524 2394 2639 D¹i¹a¹>¹s
2421 2541 2552 2592 pm.

332 2663 605 2716 auctores
649 2654 861 2716 iterum
903 2652 981 2715 ad
1027 2654 1363 2715 Antonium
1416 2654 1643 2733 legatos
1687 2654 1983 2729 mittendi,
2035 2657 2246 2718 Pansa

332 2771 573 2833 quoque
596 2751 837 2813 consule
862 2752 1180 2813 hortatore.
1264 2736 1583 2831 Dictaeque
1606 2762 1748 2811 sunt
1769 2754 2099 2826 sententiae,
2127 2760 2146 2789 ⁸
2177 2762 2246 2815 ut
2301 2784 2406 2837 cic.
2435 2786 2568 2837 phu,

332 2849 673 2910 consulares
706 2850 995 2930 quinque,
1038 2858 1219 2931 atque
1253 2849 1407 2909 inter
1446 2868 1552 2909 eos
1596 2848 1840 2921 Cicero,
1865 2848 2246 2929 legarentur!
2271 2856 2436 2928 11¹2!-

335 2942 461 3007 Sed
486 2946 585 3008 hic
608 2944 850 3027 quidem
874 2946 1103 3006 senatui
1124 2965 1355 3018 causas,
1372 2966 1479 3007 cur
1495 2944 1792 3027 proficisci
1811 2964 2003 3026 neque
2025 2956 2244 3029 posset,
2269 2915 2420 3031 ἔξω·
2445 2934 2570 2968 ¹¹¹¹·

334 3062 529 3125 neque
567 3042 834 3117 deberet,
876 3041 1181 3103 luculenta
1208 3043 1475 3104 oratione
1514 3043 1829 3125 exposuit:
1887 3050 2092 3125 atque,
2133 3044 2246 3105 illo
2267 3045 2396 3097 Phil·
2422 3062 2524 3097 xn.

334 3138 707 3201 detrectante
730 3140 1045 3220 legationis
1067 3160 1302 3211 munna,
1332 3140 1515 3201 ceteri
1554 3160 1794 3221 quoque
1819 3152 2242 3202 remanserunt.
2267 3158 2386 3209 Dio.

415 3244 521 3301 22.
562 3236 685 3299 Sed
712 3238 905 3299 Vibio
932 3237 1155 3297 Pansae
1180 3237 1407 3299 consuli
1444 3236 1523 3297 ad
1562 3236 1790 3298 bellum
1815 3238 2058 3299 exeunti
2083 3238 2245 3301 foeda
2282 3239 2570 3317 Julpbseq.

336 3342 571 3397 ostenta
595 3335 778 3398 facta.
863 3334 1031 3396 Nam
1068 3334 1283 3397 ultima
1318 3336 1605 3397 concione
1642 3356 1822 3417 quam
1849 3334 1928 3397 ad
1954 3336 2243 3417 populum
2267 3312 2319 3354 εἰ
2339 3305 2454 3357 1³²⁰·

332 3432 647 3506 habuerat,
674 3434 971 3514 quendam
994 3453 1073 3493 ex
1099 3434 1275 3493 turba
1298 3432 1613 3495 comitialis
1629 3434 1870 3494 morbus
1889 3434 2242 3515 prostravit:

335 3537 422 3601 et,
464 3550 587 3611 qua
626 3530 924 3613 profectus
967 3540 1057 3591 est
1096 3532 1265 3602 hora,
1306 3540 1508 3591 statua
1552 3534 1684 3611 ejus
1725 3551 1891 3591 aenea
1935 3532 2244 3613 equestris,

336 3646 519 3705 quam
558 3626 825 3687 habebat
862 3627 1045 3700 domi,
1082 3628 1319 3688 corruit.
1404 3626 1615 3707 Equus
1655 3624 1997 3708 phaleratus
2029 3628 2094 3691 in
2117 3628 2246 3687 heri

336 3732 657 3804 conspectu
689 3724 975 3786 festinans
1016 3724 1303 3786 concidit.
1386 3722 1556 3784 Inter
1584 3722 2032 3795 immolandum,
2057 3732 2126 3783 ut
2149 3743 2245 3784 so·

338 3816 505 3881 lebat
528 3812 893 3902 ‘priusquam
943 3820 1213 3902 paludati
1272 3820 1652 3899 magistratus
1714 3816 2244 3901 proficiscerentur,

338 3925 487 3979 exta
510 3920 591 3979 ab
616 3919 925 4000 haruspice
950 3927 1191 4001 propter
1226 3916 1536 3978 mirificam
1568 3916 1866 3996 sanguinis
1889 3908 2248 3978 exundantis

404 4125 443 4154 ¹¹¹
478 4116 724 4170 Adventu
785 4118 1255 4197 contemnum-tm,
1322 4116 1629 4197 facultatem
1644 4114 2030 4213 concedendam
2049 4114 2116 4167 ad
2133 4114 2242 4195 An-

338 4185 1259 4314 ῗῡιεΜΜῶῗΨέῒῗοιίΐζζ
1324 4180 2107 4313 ἱᾚ“ι“ιῖ“ω”ἑῗῗ;ῗ“ἓῗι“ᾎᾞὶωιὲὲ
2121 4196 2242 4310 3:¹3!

340 4320 465 4363 sunt
486 4322 545 4364 et
566 4328 766 4364 manca.
834 4312 1077 4365 Petenda
1097 4316 1186 4364 lux
1205 4316 1255 4365 ei
1326 4314 1497 4364 fectus
1518 4311 1704 4374 fuerit,
1725 4320 1962 4363 senatum
1979 4312 2243 4361 existima·

340 4378 457 4429 loco
474 4386 557 4430 ost
577 4394 644 4429 ex
662 4379 803 4430 Phil.
823 4392 949 4429 vm.
985 4380 1259 4443 postremis
1328 4386 1497 4430 turum
1521 4392 1637 4428 eum
1661 4384 1848 4430 eontra
1869 4377 2242 4443 rempublicam

345 4443 539 4511 verbis,
558 4444 648 4495 ubi
665 4446 854 4497 Cicero
866 4452 1049 4497 censet
1065 4445 1259 4496 nemini
1326 4442 1553 4497 fecisse-⁹
1574 4444 1722 4495 cm.
