3300 5234
940 510 1149 560 melu
1200 510 1425 561 cxrx.
1472 508 2121 563 supremum-uu.
2461 494 2650 561 5425

379 724 385 733 ,
416 652 623 714 consul
654 660 923 733 uterque,
945 653 1111 731 (uam
1138 661 1205 714 et
1216 654 1424 715 Pansa
1441 674 1519 715 ex
1536 654 1986 717 vulnen'busest
2009 658 2322 735 mortuus,)
2381 666 2513 716 Plut.

418 758 483 810 et
519 748 589 811 L.
636 749 919 821 Fabatus,
963 758 1049 810 et·
1070 749 1148 812 C.
1198 750 1558 824 Peducaeus,
1603 762 1668 813 et
1713 752 1797 813 D.
1845 753 2211 825 Canuleius,
2263 762 2325 814 et
2347 730 2533 845 3¹³⁰}
2570 800 2632 847 18

422 846 681 908 Pontius
707 846 958 927 Aquila.
1040 846 1305 909 Noctem·
1329 850 1665 933 proximam
1689 859 1896 911 mutuo
1929 860 2092 913 metu
2119 852 2323 911 utri--
2347 812 2650 939 Vffi.11¹.‘91:

417 964 539 1024 que
563 954 889 1024 exegerunt
912 946 973 1005 in
998 947 1191 1007 armis.
1777 1006 1784 1011 ,
2347 926 2628 1058 Αῗὲζιξκ·

503 1047 603 1105 1¹7.
646 1041 743 1101 At
781 1042 1104 1113 Antonius,
1148 1044 1383 1104 vocatis
1422 1044 1485 1104 in
1523 1045 1840 1105 consilium
1875 1046 2104 1118 amicis,
2131 1065 2323 1125 quan-

416 1156 601 1219 quam
629 1138 895 1219 plerique
928 1149 1233 1201 censerent
1268 1140 1625 1203 manendum
1661 1162 1811 1214 esse,
1839 1162 1956 1203 non
1981 1144 2194 1223 majori
2221 1162 2322 1203 ac-

417 1245 596 1318 cepta
631 1255 811 1315 quam
846 1236 1077 1297 reddita
1112 1238 1314 1310 clade,
1336 1238 1591 1299 ducibus
1620 1240 1875 1299 hostium
1899 1240 2129 1312 occisis,
2157 1240 2324 1320 equi-

415 1342 549 1393 tatu
590 1334 785 1405 salvo,
829 1342 893 1394 et
935 1334 1176 1395 Mutina
1220 1336 1299 1395 ad
1346 1346 1678 1397 extremum
1719 1336 2020 1407 deducta3
2083 1348 2102 1375 ‘
2123 1338 2322 1399 Recte

418 1429 661 1511 quidem
712 1429 859 1501 vos,’
911 1431 1125 1510 inquit,
1169 1440 1187 1468 ⁸
1212 1430 1546 1502 confiditis3
1600 1433 1798 1513 plures
1838 1434 1996 1494 enim
2039 1426 2330 1495 babemus

402 1526 688 1609 speran'di
720 1546 963 1588 causas:
1005 1527 1111 1587 sed
1144 1528 1587 1608 obsequendum
1620 1528 1872 1590 fortunoe
1898 1540 2012 1601 est,
2037 1550 2172 1611 quoe
2196 1532 2323 1591 vic-

414 1625 583 1685 toriae
610 1624 781 1683 nobis
804 1624 958 1683 hanc
982 1623 1278 1684 obstruxit
1302 1614 1483 1696 viani,
1502 1625 1654 1686 alias
1673 1628 1908 1708 aperuit
1933 1627 2319 1707 munivitque.

418 1720 611 1783 Modo
638 1716 1033 1802 'perrumpere
1084 1723 1147 1781 in
1196 1721 1482 1804 oppidum
1520 1724 1837 1784 voluerunt
1879 1724 2096 1786 hostes.
2179 1724 2324 1787 Sive

396 1817 574 1879 idem
614 1816 925 1877 consilium
960 1817 1157 1879 denuo
1188 1814 1666 1891 'tentet·Caesar,
1705 1802 1841 1882 sive'
1873 1820 2322 1883 circumvallare

414 1934 523 1993 nos
548 1914 813 1994 incipiat,
838 1913 1001 1994 quod
1036 1914 1151 1975 erit
1187 1916 1244 1975 ei
1278 1924 1517 1996 propter
1540 1915 1980 1980 multitudinem
2009 1936 2322 1997 operarum

409 2010 576 2071 baud
619 2008 886 2082 difficile,
922 2011 983 2070 in
1020 2020 1187 2079 arcto
1220 2032 1315 2071 res
1354 2020 1589 2072 nostrae·
1606 2021 1802 2083 enmt,
1847 2012 2121 2073 omnibus
2159 2015 2322 2075 circa

408 2108 748 2181 hostilibus,
770 2118 835 2168 et
862 2109 1167 2188 equitatus
1194 2130 1301 2169 usu
1337 2109 1597 2171 ademto.
1682 2108 1805 2171 Sed
1844 2119 1908 2171 et
1933 2109 2028 2171 M.
2056 2110 2320 2192 Lepidus

402 2216 475 2266 et
502 2204 574 2265 L.
603 2205 873 2266 Plancus
896 2226 991 2266 me
1017 2226 1126 2286 pro
1156 2207 1317 2267 victo
1352 2216 1755 2278 contemnent,
1781 2216 1864 2278 et,
1891 2217 1964 2268 ut
1987 2208 2140 2269 solet
2167 2210 2318 2270 infe-

412 2304 647 2375 licibus,
686 2324 767 2365 ex
808 2304 1015 2364 amicis
1057 2306 1255 2365 hostes
1294 2313 1361 2365 et
1398 2303 1521 2366 illi=
1536 2304 1708 2365 fient.
1790 2305 1886 2365 At
1923 2306 1976 2366 si
2017 2306 2318 2367 Mutinam

408 2400 819 2481 relinquimus,
858 2420 1003 2462 mox
1048 2421 1185 2462 cum
1226 2402 1417 2467 tribus
1456 2402 1790 2481 legionibus
1825 2403 1948 2463 suis
1992 2402 2319 2464 Ventidius

410 2496 637 2557 aderit:
682 2497 944 2578 Lepidus
968 2484 1149 2558 etiam
1172 2506 1237 2559 et
1261 2498 1535 2561 Plancus
1560 2498 1792 2560 auxilia
1815 2518 2030 2579 magna
2054 2516 2117 2561 et
2145 2499 2320 2561 firma

408 2596 949 2657 subministrabunt.
1036 2596 1221 2663 Quod
1242 2596 1438 2676 igitur
1477 2597 1630 2657 bene
1661 2604 1883 2668 vertat,
1926 2606 2166 2677 paratos
2209 2598 2318 2657 ha-

408 2694 549 2755 bete
594 2694 673 2755 ad
718 2696 827 2755 iter
869 2694 1126 2764 milites3
1170 2703 1255 2766 et,
1298 2696 1444 2776 quia
1490 2695 1694 2755 multis
1733 2713 1900 2756 arma
1933 2694 2168 2767 desunt,
2208 2716 2318 2777 pro
2375 2712 2534 2763 from.

396 2793 593 2851 scutis
629 2794 881 2853 cortices
918 2778 1237 2854 dabimus?
1319 2790 1485 2853 Haec
1513 2792 1770 2864 locutus,
1802 2812 1916 2852 non
1943 2812 2160 2871 magno
2185 2803 2320 2875 post
2341 2776 2610 2907 {⁸:3²2}

408 2888 723 2951 intervallo
766 2890 974 2951 castris
1028 2910 1313 2971 egressus,
1370 2888 1449 2950 ad
1496 2888 1696 2970 Alpes
1737 2890 1968 2969 magnis
2013 2890 2320 2967 itineribus

410 2987 737 3048 contendit.

408 3096 413 3101 “
454 3090 591 3145 ’18.
634 3085 731 3145 At
776 3084 1084 3157 Decimus,
1128 3086 1339 3144 timore
1366 3082 1626 3145 Antonii
1663 3082 1970 3155 liberatus,
2017 3082 2317 3146 caesarem
2373 3104 2480 3157 cic.
2502 3108 2566 3156 nd

410 3190 667 3242 metuere
690 3182 1001 3263 incipiens,
1042 3190 1222 3242 noctu
1260 3181 1531 3262 abruptis
1556 3178 1720 3240 fluvii
1749 3180 2048 3261 pontibus,
2075 3178 2154 3239 ad
2177 3198 2316 3243 eum
2337 3170 2474 3286 {⁸⁸32-
2497 3188 2576 3222 ¹¹·

406 3286 601 3339 certos
625 3279 889 3339 homines
910 3278 1093 3349 misit,
1121 3279 1343 3357 gratias
1360 3286 1647 3359 tanquam
1673 3278 1959 3337 servatori
1987 3296 2189 3361 agens,
2211 3296 2314 3357 pe-
2337 3270 2555 3367 Affpm,

403 3383 678 3456 teneque,
726 3386 743 3413 ‘
764 3385 832 3436 ut
852 3376 1175 3437 succedens
1202 3376 1281 3437 ad
1306 3376 1519 3456 ripam,
1544 3374 1790 3436 flumine
1825 3373 2044 3445 medio,
2073 3382 2137 3433 et
2167 3374 2316 3433 civi-

392 3472 520 3533 ·bus
540 3474 797 3545 arbitris,
826 3474 885 3533 in
912 3473 1279 3553 colloquium
1298 3472 1521 3533 veniat.
1604 3471 1692 3532 Se
1717 3472 1873 3532 enim
1893 3472 2069 3532 certis
2087 3470 2318 3530 indiciis
2339 3481 2642 3535 Oros-uas,

406 3568 869 3640 declaraturum,
912 3590 1027 3631 non
1058 3578 1293 3650 sponte,
1334 3568 1439 3629 sed
1480 3568 1656 3629 fatali
1692 3567 1953 3650 quodam
1995 3567 2317 3627 infortunio
2338 3580 2552 3647 Appi-n.

390 3674 663 3727 -traetum
700 3666 779 3727 ad
817 3667 1311 3747 conspirationem
1350 3666 1517 3725 esse.’
1601 3664 1730 3725 His
1773 3663 1980 3725 Caesar
2019 3662 2321 3743 respondit

401 3762 768 3835 iracundius,
815 3772 833 3800 ‘
858 3782 921 3823 se
966 3784 1161 3843 neque
1212 3760 1453 3823 Decimi
1498 3760 1796 3834 servandi,
1848 3760 1954 3821 sed
1994 3759 2142 3821 belli
2175 3778 2314 3820 cum

410 3858 681 3921 Antonio
726 3860 1093 3943 implacabili
1130 3859 1297 3919 hoste
1339 3858 1581 3938 gerendi
1610 3878 1796 3919 causa
1827 3858 2094 3918 venisse:
2124 3875 2315 3935 neque

408 3958 689 4039 pietatem
714 3958 926 4029 sinere,
953 3966 1020 4017 ut
1044 3956 1384 4037 alloquatur
1410 3966 1515 4015 aut
1538 3956 1722 4039 etiam
1749 3954 2002 4037 aspiciat
2037 3952 2314 4013 interfec-

408 4064 593 4116 torem
621 4054 838 4137 patris:
876 4054 1005 4135 pati
1036 4062 1237 4115 tamen
1276 4054 1631 4114 incolumem
1659 4072 1797 4113 eum
1821 4072 1968 4123 esse,
2009 4050 2203 4112 donec
2227 4070 2315 4111 se·

409 4153 575 4213 natui
602 4151 939 4233 populoque
974 4148 1257 4211 Romano
1284 4150 1623 4211 videretur-,²

492 4254 593 4309 19.
632 4248 789 4308 Tum
835 4268 977 4308 vero
1026 4246 1335 4318 Decimus,
1377 4266 1716 4327 progressus
1758 4243 1835 4305 ad
1879 4242 2123 4315 flumen,
2149 4242 2316 4305 clara

394 4344 911 4427 ·voce.appellavit
936 4342 1259 4416 Caesarem,
1280 4353 1344 4405 et
1369 4343 1617 4404 recitato
1643 4340 2170 4411 senatusconsulto,
2192 4360 2314 4420 quo
