3300 5234
732 523 917 591 6078
1703 540 1778 590 ·r.
1827 539 2016 589 mvn

769 694 886 747 ναι.
899 694 1037 747 ltu.
1059 682 1309 745 ambitio
1332 682 1678 745 amulorum
1703 684 1980 745 civilibus
2003 684 2184 745 armis
2213 680 2554 745 collidatur.
2635 678 2780 745 Nec
2801 680 2966 743 frau-

734 766 942 875 Ἥζζω.
1058 778 1293 843 dandus
1326 782 1561 843 virtutis
1599 790 1664 841 et
1701 782 2010 861 gravitatis
2039 801 2166 841 auae
2203 778 2380 841 laude
2406 780 2632 851 caesar,
2670 782 2776 861 qui
2811 782 2968 843 intra

732 887 933 941 Comi.
952 891 1016 940 ad
1060 878 1297 939 tertium
1322 876 1505 951 diem,
1544 898 1729 959 quam
1762 878 1894 939 haec
1927 878 2202 939 nuntiata
2233 885 2426 950 erant,
2463 874 2544 939 ad
2582 876 2970 959 imperatoria

734 954 1041 1010 nummu·
1060 974 1267 1035 munia
1294 972 1493 1036 rediit.

736 1082 858 1138 Dio.
1138 1074 1202 1131 3.
1244 1068 1412 1131 Inter
1434 1066 1563 1131 hnc
1591 1066 1684 1133 A.
1713 1068 1964 1131 Gabinii
1987 1062 2172 1133 causa
2195 1068 2366 1132 vario
2397 1078 2461 1129 et
2494 1064 2776 1150 pudendo
2791 1068 2965 1149 judi-

1056 1166 1284 1227 ciorum
1308 1176 1527 1229 eventu
1554 1168 1913 1246 agitabatur.
1995 1166 2116 1228 Ille
2141 1164 2388 1249 periculi
2417 1166 2506 1225 sui
2543 1185 2663 1225 non
2697 1164 2966 1246 ignarum

1054 1282 1195 1323 cum
1218 1284 1493 1343 magnam
1524 1264 1645 1325 vim
1682 1266 1812 1325 auri
1845 1263 1922 1325 ad
1947 1264 2356 1325 conciliandos
2379 1263 2494 1324 sibi
2515 1264 2786 1325 homines
2811 1284 2965 1343 prae-

764 1381 877 1433 cne,
904 1384 969 1433 ..ι
1056 1362 1331 1434 misisset,
1376 1368 1631 1423 exeunte
1675 1360 2014 1441 Septembri
2049 1370 2228 1423 noctu
2277 1361 2541 1421 introivit
2579 1361 2640 1420 in
2684 1358 2961 1430 Urbem;

726 1447 801 1562 ’ᾖ
816 1446 1015 1565 ξ’·ῒὶ,
1056 1477 1395 1539 paucosque
1430 1467 1564 1540 post
1596 1459 1728 1520 dies
1751 1480 1792 1519 a
1817 1458 1894 1519 C.
1928 1459 2219 1520 Memmio
2259 1460 2496 1520 tribuno
2519 1458 2712 1539 plebis
2747 1458 2828 1519 ad
2855 1478 2965 1538 po·-

765 1544 1039 1629 V'nlsMu‘.
1056 1554 1265 1635 pulum
1297 1556 1512 1617 acriter
1544 1564 1639 1617 est
1680 1564 2010 1617 aecusatus.
2096 1555 2254 1620 Cum
2273 1556 2658 1617 damnaretur
2681 1576 2838 1628 reus,
2867 1556 2966 1617 Si-

730 1656 851 1694 'ffl-
872 1646 923 1697 ¹·
1054 1672 1241 1715 senna
1292 1651 1545 1713 Gabinii
1593 1652 1756 1714 filius
1797 1652 1878 1713 ad
1923 1652 2104 1735 pedes
2151 1652 2426 1714 Memmii
2473 1653 2812 1734 procubuit,
2854 1674 2968 1733 pro

1055 1761 1223 1833 patre
1246 1750 1752 1833 depmcabundus.
1840 1752 2000 1813 Eum
2025 1752 2353 1815 Memmius
2381 1754 2538 1813 truci
2576 1753 2752 1814 vultu
2791 1772 2966 1814 aver·

1053 1858 1239 1921 satus,
1274 1849 1639 1930 aliquamdiu
1687 1850 1849 1910 humi
1888 1850 2096 1929 jacere
2137 1850 2299 1911 sivit.
2401 1849 2565 1911 Haec
2604 1849 2854 1931 species,
2901 1860 2969 1910 et

1052 1944 1215 2025 quod
1256 1966 1541 2007 excussus
1584 1968 1621 2007 e
1662 1966 1844 2007 manu
1887 1946 2284 2009 adolescentis
2333 1946 2586 2008 annulus
2635 1947 2964 2019 visebatur,

1053 2041 1142 2102 ita
1166 2044 1417 2105 mutavit
1452 2044 1704 2116 animos,
1735 2054 1826 2115 ut,
1863 2046 2328 2126 approbantibus
2367 2046 2622 2115 cunctis,
2657 2066 2698 2105 a
2719 2044 2966 2105 tribuno

748 2152 1031 2212 Dio,etcic.
1052 2139 1249 2221 plebis
1302 2141 1493 2202 Laelio
1556 2140 1856 2202 Gabinius
1911 2142 2328 2204 dimitteretur.
2435 2141 2670 2203 Postea
2721 2162 2966 2224 quoque

666 2240 679 2261 ⁸
722 2221 787 2268 ⁸⁶
805 2219 1030 2279 9³⁸³·
1054 2245 1224 2299 tanta
1254 2240 1319 2300 in
1350 2238 1663 2318 judicibus
1697 2238 1978 2317 rogandis
2015 2239 2314 2299 contentio
2350 2237 2468 2300 Cn.
2495 2238 2778 2320 Pompeii
2821 2236 2964 2311 fuit,

724 2290 1030 2403 auulsa}
1056 2334 1313 2395 Caesaris
1336 2336 1517 2396 etiam
1536 2341 1555 2369 ⁸
1602 2336 1809 2396 amicis
1837 2336 2012 2396 enixe
2035 2336 2490 2417 opitulantibus,
2525 2344 2596 2397 ut
2627 2356 2668 2397 a
2701 2334 2774 2395 L.
2805 2334 2964 2395 Len-

726 2428 804 2465 ¹'·
829 2418 909 2467 ¹⁶·
1056 2432 1185 2493 tulo
1223 2430 1516 2493 Flaminis
1546 2430 1678 2493 filio
1713 2431 1873 2513 apud
1910 2431 1989 2493 C.
2017 2431 2254 2493 Alfium
2293 2442 2602 2514 praetorem
2631 2430 2968 2513 majestatis

1052 2530 1383 2612 postulatus
1430 2530 1754 2603 Gabinius,
1811 2550 2042 2591 summo
2099 2530 2392 2593 dedecore
2431 2530 2712 2612 judicum
2759 2530 2964 2593 absol-

1050 2638 1305 2689 veretur.

722 2750 841 2804 Dio.
1129 2732 1191 2785 4.
1234 2724 1607 2785 Pei-moleste
1644 2744 1772 2785 rem
1811 2744 1942 2785 eam
1987 2724 2243 2807 populus
2265 2724 2446 2787 tulit:
2490 2724 2644 2787 adeo
2667 2724 2916 2807 quidem
2937 2726 2970 2759 ²

1046 2821 1403 2893 concitatus,
1440 2830 1509 2882 ut
1554 2842 1764 2903 parum
1799 2822 2079 2895 abfuerit,
2113 2823 2260 2903 quin
2299 2824 2430 2904 ipso
2473 2824 2534 2883 in
2565 2822 2802 2902 judicio
2837 2822 2968 2883 dis—

1044 2927 1316 3000 cerperet
1335 2939 1523 2990 reum,
1556 2929 1621 2980 et
1653 2920 1808 2980 inter
1837 2919 2180 2981 diribendas
2209 2920 2466 2981 tabellas
2479 2918 2791 3001 judicibus
2815 2920 2966 3001 ipsis

1046 3024 1294 3076 mortem
1334 3017 1678 3078 minaretur.
1760 3017 1977 3097 Igitur,
2023 3018 2242 3079 frustra
2283 3019 2589 3079 obnitente
2633 3017 2962 3101 Pompeio,

1048 3110 1417 3195 sibyllinum
1451 3135 1691 3176 carmen
1716 3113 1915 3176 denuo
1951 3115 2248 3195 invulgari
2293 3116 2709 3198 pervicerunt:
2751 3124 2814 3176 et
2845 3114 2962 3176 sub

1044 3208 1206 3270 idem
1230 3219 1463 3292 tempus
1488 3210 1734 3272 fortuita
1759 3232 1874 3283 res,
1911 3212 2017 3273 sed
2043 3212 2213 3273 velut
2251 3233 2329 3273 ex
2359 3218 2678 3293 compacto
2699 3214 2760 3271 in
2786 3210 2962 3272 illum

1044 3316 1375 3387 temporum
1420 3308 1735 3369 articulum
1772 3309 2040 3379 veniens,
2074 3315 2200 3368 tam
2243 3306 2446 3370 valide
2489 3308 2812 3371 commovit
2849 3308 2963 3369 ho-

1042 3401 1255 3476 mines,
1291 3412 1361 3463 ut
1394 3405 1539 3465 licet
1575 3404 1746 3465 nulla
1769 3414 1992 3465 statuta
2023 3406 2084 3465 in
2123 3404 2297 3465 libris
2325 3424 2502 3487 poena
2537 3404 2756 3477 fuerat,
2797 3412 2962 3465 atro·

1042 3499 1279 3560 cissimo
1316 3501 1608 3582 supplicio
1650 3500 1954 3561 Gabinius
1998 3500 2306 3563 voluntate
2339 3502 2706 3581 singulorum
2749 3511 2815 3564 et
2860 3524 2958 3564 se-

747 3612 857 3666 me,
872 3616 937 3665 ad
952 3616 1020 3675 ρ,
1042 3604 1219 3657 natus
1266 3596 1672 3659 destinaretur.
1756 3598 1936 3658 Forte
1986 3599 2100 3659 sub
2151 3598 2390 3659 eosdem
2440 3597 2574 3659 dies
2625 3598 2848 3661 Romae
2891 3610 2962 3661 et

716 3680 1026 3733 F““·¹¹¹·⁷·
1042 3694 1305 3754 maxime
1359 3691 1572 3775 Appia
1630 3694 1712 3755 ad
1762 3693 1984 3755 Martis
2035 3696 2188 3755 mira
2237 3695 2557 3776 proluvies,
2609 3696 2960 3757 exundante

1042 3788 1247 3852 Tiberi
1272 3788 1477 3861 fluvio,
1512 3799 1577 3851 et
1608 3812 1796 3872 usque
1832 3790 1913 3852 ad
1949 3792 2238 3872 piscinam
2275 3792 2580 3874 publicam
2607 3812 2826 3873 magna
2859 3794 2962 3855 vis

632 3908 639 3915 ·
712 3909 837 3963 mo,
1045 3876 1217 3967 aquae
1254 3886 1405 3948 fuit:
1448 3888 1824 3969 oppletisque
1847 3889 2114 3969 partibus
2141 3887 2516 3950 inferioribus
2539 3890 2834 3963 omnibus,
2873 3910 2958 3953 ne

1040 3984 1297 4045 editiora
1340 3983 1581 4065 quidem
1618 3986 1910 4045 intentata
1954 3984 2236 4045 fluctibus
2273 3994 2637 4049 manserunt.
2721 3986 2958 4068 Magna

1043 4080 1431 4145 aedificiorum
1466 4090 1692 4161 strages
1723 4090 1951 4155 secuta,
1992 4102 2129 4164 quae
2165 4081 2427 4144 lateritia
2459 4102 2600 4147 cum
2637 4094 2852 4161 esent,
2887 4088 2955 4148 vi

1435 4311 1463 4355 1
1503 4307 1626 4357 Ean
1657 4322 1754 4371 pro
1775 4310 1924 4360 etium
1953 4308 2228 4373 legebatur
2247 4314 2372 4361 aute
2393 4308 2554 4362 Crcv.

1430 4376 1467 4425 8
1498 4372 1702 4425 Pride-
1719 4374 1844 4426 edd.
1863 4384 1988 4428 autc
2013 4377 2174 4428 Crcv.
