3300 5234
780 1052 998 1106 Frontin-

750 1134 815 1169 ιι.
835 1124 884 1171 8.

747 1246 874 1299 Cns-

747 1542 970 1663 3223:

751 1674 942 1725 Lucan.

753 1834 882 1887 Ο...

1713 608 1785 655 Τ.
1834 605 2023 655 mvn

1073 753 1188 813 tit:
1217 752 1490 836 Scipioni
1511 774 1650 815 cnm
1675 753 1945 835 syriacis
1966 752 2301 833 legionibus
2318 753 2577 815 mediam
2598 754 2791 821 aciem
2814 770 2979 815 com·

1073 852 1350 913 miserat:
1391 852 1664 913 cobortes
1688 851 2004 933 Hispanae,
2024 869 2175 933 quas
2196 870 2397 911 secum
2421 848 2713 911 Astanins
2740 848 2981 913 dedux-

1073 958 1224 1021 erat,
1263 970 1404 1010 cum
1427 948 1741 1012 Ciliciensi
1785 948 2019 1027 legione
2057 947 2339 1009 dextrum
2381 967 2565 1008 cornu
2602 946 2977 1009 obtinebant.

1078 1045 1226 1108 Hoc
1254 1054 1386 1109 erat
1417 1049 1717 1110 exercitus
1740 1045 2100 1127 Pompeiani
2124 1046 2324 1107 robur.
2404 1044 2691 1107 'l'ironum
2716 1045 2983 1126 leg-iones

1075 1144 1232 1205 inter
1273 1144 1534 1206 mediam
1573 1145 1764 1206 aciem
1800 1151 1863 1204 et
1902 1162 2128 1205 cornua
2168 1143 2567 1224 interjecerat.
2670 1142 2984 1211 Quaelibet

1077 1242 1238 1303 acies
1259 1240 1446 1305 denos
1469 1242 1530 1303 in
1557 1240 1933 1303 nltimdinem
1948 1240 2182 1303 ordines
2204 1240 2489 1301 habebat.
2568 1238 2984 1314 Peditumbis

1075 1338 1350 1399 omnibus
1374 1338 1785 1399 Romanorum
1808 1335 2205 1418 quadraginta
2227 1336 2489 1418 quinque
2504 1336 2698 1397 millia
2712 1335 2985 1398 contine·

1077 1434 1316 1497 bantur.
1397 1434 1721 1517 Equitum
1772 1432 1895 1495 fere
1942 1434 2159 1505 omnis,
2212 1441 2277 1493 et
2326 1432 2489 1515 quod
2540 1432 2981 1512 sagittariorum

1077 1539 1260 1613 utque
1283 1530 1650 1593 funditorum
1688 1531 1973 1603 babebat,
2008 1532 2071 1590 in
2094 1531 2332 1591 sinistam
2352 1550 2561 1603 cornu,
2588 1528 2751 1603 band
2774 1526 2985 1611 procul

1079 1627 1404 1691 Pharsalia
1453 1630 1715 1691 locatum
1764 1636 1892 1689 est:
1953 1627 2193 1698 dextro,
2238 1628 2399 1709 quod
2444 1626 2663 1689 flumen
2706 1626 2979 1707 Enipeus

1083 1725 1384 1808 immditis
1409 1726 1553 1808 ripis
1569 1726 1896 1799 muniebat,
1917 1725 2184 1787 sexcenti
2210 1723 2475 1786 sufficere
2500 1724 2737 1805 equites
2758 1725 2895 1785 visi.

1159 1830 1264 1885 63.
1304 1822 1404 1885 At
1429 1822 1657 1895 Coesar,
1704 1824 1795 1883 uti
1832 1830 2243 1895 consueverat,
2282 1821 2573 1902 legionem
2596 1820 2938 1883 decimam
2920 1840 2984 1881 ιιι

1081 1920 1300 1983 dextro
1341 1940 1548 1992 cornu,
1587 1936 1808 1981 nonam
1852 1929 2248 2000 octavamque
2286 1920 2349 1978 in
2386 1918 2625 1979 siniam
2654 1918 2982 1981 constitnit.

773 2000 870 2051 ¹³¹⁸
871 2006 909 2049 ⁸·
939 1998 1056 2051 h‘·
1084 2016 1218 2079 Hic
1258 2016 1614 2088 Antonium,
1660 2016 1747 2077 ibi
1782 2016 1865 2077 P.
1904 2016 2141 2099 Syllam
2180 2034 2387 2076 curare
2416 2016 2639 2096 jussitg
2682 2015 2745 2076 in
2783 2014 2985 2075 medio

754 2064 950 2115 etPom
869 2080 1004 2130 οιιιμ

755 2130 954 2181 etc-⁸·

760 2195 889 2245 Ces.

757 2324 1032 2442 ΡιῗιῗῘῗὲ-ι.

761 2802 892 2856 Flor-

765 2900 976 2966 Appian-

761 3014 890 3067 cm.

765 3378 982 3429 Promin-

765 3677 892 3731 Flor-

1085 2114 1202 2175 Cn.
1258 2112 1617 2186 Domitium,
1666 2132 1805 2174 cum
1850 2112 2249 2195 quadraginta
2288 2112 2669 2174 cohortibus:
2738 2113 2865 2193 ipse
2920 2112 2984 2173 in

1085 2211 1299 2272 dextro
1337 2231 1446 2272 suo
1483 2230 1666 2273 cornu
1689 2212 2059 2282 versabatur,
2094 2217 2163 2269 ut
2200 2208 2499 2291 Pompeio
2536 2230 2601 2271 se
2636 2216 2985 2291 opponeret.

1087 2308 1500 2389 legionarios
1483 2330 1544 2369 ιιι
1571 2309 1763 2371 aciem
1779 2307 2037 2369 deduxit
2058 2308 2379 2381 universos,
2406 2306 2601 2369 millia
2620 2308 2860 2369 circiter
2870 2304 2993 2369 duo

1085 2417 1150 2468 et
1193 2408 1424 2487 viginti,
1449 2406 1616 2467 mille
1649 2406 1904 2488 equites.
1988 2406 2133 2467 Nec
2172 2405 2329 2466 enim
2366 2414 2687 2489 expectare
2726 2404 2987 2466 militnm

1085 2504 1260 2566 ardor
1283 2506 1622 2585 petiebatur
1657 2503 1745 2571 Q.
1772 2502 2184 2576 Cornificium,
2214 2504 2319 2584 qui
2357 2502 2512 2563 duas
2538 2502 2879 2565 adducebat
2902 2503 2987 2565 le-

1087 2602 1323 2681 gionesz
1368 2611 1475 2663 aut
1514 2600 1757 2663 Fufium
1794 2601 2119 2672 Kalenum,
2148 2602 2413 2680 quicum
2439 2601 2785 2662 cohortibus
2808 2602 2987 2683 quin-

1085 2698 1282 2759 decim
1303 2708 1436 2760 erat
1458 2700 1520 2759 in
1549 2698 1785 2760 Attica.
1870 2697 1999 2758 Hoe
2024 2697 2233 2761 civiles
2272 2696 2569 2779 utrimque
2592 2697 2750 2759 vires
2784 2698 2990 2758 fuere:

1087 2797 1450 2858 auxiliorum
1482 2816 1759 2859 numerus
1798 2796 2049 2877 amplior
2088 2796 2318 2874 utique,
2364 2794 2471 2855 aed
2512 2796 2677 2856 varie
2716 2794 2991 2857 traditus.

1091 2892 1288 2953 Haud
1313 2894 1508 2953 minus
1533 2902 1797 2955 trecenta
1823 2892 2016 2954 millia
2052 2912 2345 2975 pugnasse
2370 2890 2641 2974 quidam,
2672 2892 2780 2973 qui
2808 2892 2994 2974 pluri·

1089 3009 1272 3070 mum,
1311 2989 1749 3071 quadringenta
1792 2997 2039 3070 ponunt.
2136 2988 2259 3049 Sed
2307 2987 2535 3062 ΟΜ,
2578 2989 2995 3051 animadverso

1090 3086 1372 3168 Pompeii
1397 3086 1666 3159 consilio,
1708 3107 1783 3147 ne
1816 3086 2097 3147 dextrum
2120 3106 2293 3146 snum
2316 3106 2501 3147 cornu
2536 3086 2995 3147 circumvenire-

1091 3191 1188 3243 tur
1213 3191 1504 3255 metuens,
1543 3202 1623 3244 ex
1660 3184 1839 3244 tertia
1862 3184 2026 3256 acie,
2068 3182 2173 3243 ubi
2201 3182 2505 3244 Domitius
2536 3183 2811 3255 curabat,
2834 3182 2993 3245 cele·

1090 3279 1231 3339 riter
1269 3298 1376 3339 sex
1411 3281 1687 3341 cohortes
1726 3277 2012 3351 detraxit,
2056 3288 2121 3340 et
2148 3300 2225 3339 ex
2270 3279 2365 3340 his
2406 3289 2681 3360 quartam
2718 3280 2997 3341 instruxit

1093 3376 1284 3437 aciem
1325 3376 1404 3437 ad
1449 3398 1542 3438 res
1584 3378 1834 3439 subitas.
1917 3376 2157 3440 Ibidem
2204 3386 2269 3439 et
2300 3378 2535 3459 equites
2566 3398 2705 3439 suos
2748 3376 2993 3449 locavit,

1092 3473 1238 3552 quia
1275 3474 1576 3535 sinistrum
1593 3489 1799 3537 'cornu
1824 3473 2146 3556 paludibus
2190 3472 2557 3556 applicatum
2581 3474 2697 3535 hoc
2724 3475 2999 3557 praesidio

1093 3568 1400 3649 indigebat
1422 3571 1636 3643 minus,
1662 3580 1727 3631 et
1760 3570 2029 3632 delectos
2054 3571 2307 3654 mdites,
2347 3569 2681 3633 Germanos
2711 3574 2997 3645 maxime,

1093 3667 1198 3747 qui
1226 3666 1482 3749 praeliari
1505 3668 1662 3729 inter
1684 3668 1915 3751 equites
1938 3678 2389 3732 consueverant.

1173 3769 1280 3825 64.
1322 3762 1448 3824 His
1469 3766 1646 3825 nebus
1668 3766 1965 3847 utrimque
1990 3766 2234 3847 paratis,
2258 3763 2613 3827 cohortandi
2638 3784 2779 3825 suos
2814 3772 2997 3829 mate-

1095 3860 1211 3921 ries
1233 3860 1691 3943 imperatoribus
1722 3862 1965 3923 minime
1990 3862 2223 3923 defuit:
2262 3862 2369 3923 vix
2394 3862 2554 3924 enim
2584 3882 2847 3944 unquam
2868 3872 3001 3923 tan-

1097 3956 1174 4017 tis
1193 3960 1370 4019 rebus
1391 3958 1591 4037 gestis,
1619 3966 1907 4041 tantaque
1932 3958 2081 4019 belli
2120 3958 2315 4039 gloria
2356 3978 2464 4039 par
2502 3958 2667 4019 aliud
2706 3958 3007 4020 concurrit

1097 4053 1372 4115 nobilius.
1453 4054 1788 4137 Pompeius
1825 4055 2032 4138 primae
2070 4057 2265 4117 aetatis
2288 4056 2528 4128 decora,
2568 4065 2632 4117 et
2670 4057 3003 4137 triumpha-

1097 4149 1216 4209 lem
1264 4150 1727 4213 adolescentiam
1770 4152 2078 4215 Africanis
2123 4151 2537 4235 Hispanisque
2584 4152 2759 4214 bellis
2790 4150 3003 4234 prese·

1099 4248 1306 4309 rebat.
1289 4266 1306 4285 ·
1351 4249 1491 4311 inde
1515 4251 1811 4313 maximos
1834 4270 2021 4330 reges,
2057 4250 2449 4313 ferocissimas
2486 4260 2693 4331 gentes
2724 4250 3001 4321 domitas,

1100 4352 1164 4405 et
1191 4345 1472 4407 orientem
1519 4346 1879 4429 adjectum'
1863 4349 2131 4429 imperio,
2178 4347 2565 4429 Romanique
2610 4347 2817 4430 populi
2852 4350 3005 4409 vires

1103 4442 1272 4502 unius
1317 4443 1500 4504 ductu
1544 4454 1723 4525 atque
1766 4466 1886 4505 una
1924 4444 2303 4526 expeditione
2340 4444 2695 4526 duplicatas.
2776 4442 3001 4524 Neque

1101 4539 1340 4602 minoris
1377 4550 1505 4603 erat
1527 4563 1604 4604 ex
1645 4552 1813 4625 parte
1852 4542 2109 4605 Caesaris
2149 4562 2353 4606 recens
2394 4542 2729 4607 Britannia
2762 4540 3001 4607 Gallia-
