3300 5234
884 588 1091 638 mum
1140 588 1305 639 cix.
1350 588 2002 641 surrunmusruu.
2361 576 2530 641 5141

298 733 417 793 cito
444 732 729 813 apparuit
760 730 993 812 legibus
1027 732 1283 793 universi
1314 732 1473 795 bunc
1506 732 1772 795 ordinem
1807 754 1928 795 non
1955 752 2206 813 congru-

298 850 391 891 ere
418 848 435 888 τ
478 828 863 911 futurumque
908 837 976 889 ut
1013 830 1229 910 quibus
1270 832 1565 892 mensibus
1600 832 1812 893 bruma
1844 832 2072 904 fuisset,
2108 834 2206 893 iis-

292 926 433 987 dem
454 936 591 1008 post
608 946 795 987 annos
816 924 978 987 baud
1000 925 1283 1007 plurimos
1307 930 1509 989 messis
1532 937 1690 991 esset
1711 929 1936 991 futura.
2008 929 2208 1011 Igitur

293 1024 424 1086 dies
452 1026 561 1105 qui
586 1024 667 1085 ad
700 1023 955 1085 solarem
989 1043 1207 1085 annum
1231 1025 1501 1098 deerant,
1530 1026 1707 1088 inseri
1731 1028 2052 1089 constituto
2067 1028 2204 1108 jam

296 1140 455 1183 anno
478 1122 763 1202 oportuit.

371 1225 439 1279 6.
486 1216 653 1279 Haec
688 1219 928 1279 insertio
962 1218 1333 1281 intercalatio
1359 1219 1797 1303 appellabatur,
1823 1240 1903 1282 ex
1943 1240 2016 1282 eo
2039 1220 2202 1303 quod

292 1334 455 1375 nova
478 1312 629 1374 luna
661 1314 954 1395 pontifex,
983 1315 1208 1388 calata,
1236 1317 1349 1377 hoc
1384 1326 1479 1377 est
1502 1330 1722 1379 vocata
1743 1318 1816 1379 in.
1834 1316 2202 1397 Capitolium
2257 1336 2412 1388 Vm„
2433 1340 2500 1388 «ι.

290 1409 499 1491 plebe,
524 1419 675 1491 quot
696 1430 941 1472 numero
965 1409 1093 1472 dies
1112 1412 1193 1473 ad
1217 1411 1437 1474 Nonas
1454 1422 1847 1495 superessent,
1875 1413 2202 1476 iudicabat.
2221 1402 2533 1469 1³⁰ss·1¹⁸‘·'·

294 1490 484 1569 Uriae
508 1511 693 1570 etiam
726 1507 861 1571 dies
896 1510 1001 1592 qni
1040 1512 1265 1593 primus
1300 1512 1631 1585 calabatur‚
1663 1511 2202 1575 Kalendarum-uo—

290 1624 431 1666 men
449 1606 735 1667 retinuit=
777 1616 840 1667 et
864 1607 1143 1688 quoniam
1169 1607 1417 1669 aliorum
1437 1609 1723 1670 mensium
1749 1611 2053 1691 quintana
2065 1620 2204 1671 sunt

290 1700 523 1775 Nonoe,
549 1702 801 1763 aliorum
840 1705 1206 1784 septimanae,
1246 1704 1563 1766 celabatur
1601 1725 1740 1767 cum
1767 1706 1883 1768 hoc
1908 1705 2201 1767 discrimi-

290 1818 389 1871 ne,
418 1809 490 1858 ut
506 1820 615 1881 pro
634 1800 863 1860 ratione
886 1801 1123 1870 mensis,
1151 1809 1278 1873 aut,
1307 1810 1327 1838 ‘
1348 1800 1477 1862 dies
1501 1810 1563 1863 te
1587 1804 1852 1883 quinque
1878 1802 2016 1864 calo
2037 1800 2202 1865 Juno

287 1896 582 1969 novella?
606 1905 735 1969 aut,
762 1905 781 1933 ‘
798 1904 1023 1978 septem
1048 1896 1177 1957 dies
1200 1906 1263 1959 to
1286 1898 1427 1959 calo
1444 1898 1485 1959 J
1488 1918 1607 1961 uno
1628 1900 1918 1973 novella)
1941 1920 2202 1981 pronun·

287 1994 563 2055 tiaretur.
643 1992 928 2054 Ceterum
970 2013 1087 2055 nou
1130 1994 1375 2075 siugulis
1414 1997 1603 2068 anuis,
1640 1996 1746 2057 sed
1782 2017 1890 2079 per
1923 1998 2200 2059 octennis
2221 1992 2444 2045 Mmb·

287 2089 475 2151 moris
508 2098 641 2151 erat
674 2089 1051 2158 intercalari-t
1072 2104 1097 2133 ⁶
1133 2112 1327 2171 eaque
1361 2092 1491 2174 ipsa
1514 2112 1609 2153 res
1634 2093 1992 2173 quandoque
2017 2113 2196 2186 prop7

284 2194 381 2245 ter
402 2186 885 2267 superstitionem
910 2187 1128 2248 omissa
1158 2196 1323 2249 erat:
1366 2208 1788 2269 nonuunquam
1814 2208 1955 2251 vero
1985 2190 2198 2251 intem·

286 2284 523 2363 pestive
566 2290 869 2364 usurpata,
912 2303 1049 2345 cum
1090 2284 1545 2365 publicanorum
1586 2285 1906 2366 cupiditati
1953 2286 2198 2368 quidam

284 2378 607 2459 pontifices
631 2378 972 2459 gratificati,
1008 2380 1449 2462 productiorem
1486 2389 1592 2442 aut
1618 2382 1948 2459 breviorem
1977 2402 2198 2443 annum

285 2495 367 2536 ex
410 2474 655 2537 illorum
688 2476 1001 2537 commodo
1040 2476 1323 2537 facerent.
1406 2475 1557 2538 Non
1598 2476 1721 2539 alio
1761 2486 1956 2539 autem
1998 2498 2198 2540 mense

284 2592 475 2655 quam
522 2571 847 2633 Februario
892 2572 1229 2635 intercalari
1273 2573 1365 2633 fas
1407 2582 1557 2647 erat,
1597 2573 2034 2637 Terminalibus
2061 2577 2198 2655 jam

369 2773 434 2831 ’1.
478 2766 563 2851 {d
590 2786 665 2828 eo
688 2788 923 2849 quoque
963 2788 1120 2832 anno
1149 2768 1277 2832 fieri
1315 2769 1501 2831 Curio
1534 2790 1673 2831 cum
1701 2769 2049 2851 postularet,
2075 2790 2196 2832 non
2221 2774 2340 2841 Dio.

282 2864 572 2943 ignorans
620 2864 879 2925 alienum
913 2886 1061 2939 esse,
1108 2867 1273 2945 (nam
1317 2875 1382 2927 et
1417 2866 1545 2948 ipse
1584 2875 1716 2927 erat
1751 2886 1828 2927 eo
1868 2866 2196 2929 sacerdotio

282 2960 629 3041 preditum)
652 2962 835 3022 ceteri
855 2960 1165 3044 pontifices
1185 2962 1611 3025 reclamabant.
1697 2961 1896 3042 Igitur
1917 2983 2054 3026 cum
2080 2966 2194 3026 ob·
2251 2980 2358 3030 cic.
2380 2980 2442 3029 od

280 3059 463 3118 tineri
503 3077 625 3119 non
648 3068 847 3141 posset
878 3059 955 3120 de
976 3059 1461 3149 intercalatione,
1504 3062 1722 3141 (neque
1746 3060 1926 3121 etiam
1953 3060 2068 3123 boc
2086 3081 2192 3124 vo-
2215 3042 2532 3159 ssff'nffl·

280 3153 511 3235 lebat,)
541 3156 713 3236 quasi
746 3176 851 3238 per
872 3158 1041 3228 iram,
1074 3177 1147 3217 ne
1167 3166 1490 3217 ceterarum
1516 3155 1757 3242 quidem
1793 3177 1986 3217 rerum
2020 3159 2190 3239 quic·
2319 3145 2336 3161 ⁰

283 3272 473 3335 quam
501 3254 603 3333 agi
626 3272 831 3335 passus
854 3263 963 3315 est.
1033 3254 1187 3315 Mox
1214 3256 1473 3337 apertius
1495 3273 1605 3336 pro
1625 3253 1868 3315 Caesare
1893 3252 2078 3336 loqui,
2105 3264 2188 3329 et,
2319 3336 2324 3341 ⁸

282 3372 413 3432 quo
437 3350 693 3431 agitaret
724 3352 1059 3433 optimates,
1095 3352 1315 3414 multas
1340 3353 1579 3431 jactare
1621 3350 1784 3431 leges
1815 3353 2028 3433 coepit:
2073 3374 2190 3415 non
2216 3372 2432 3440 Appian.

284 3446 455 3528 quod
492 3446 735 3528 perferri
780 3468 949 3529 posse
992 3458 1276 3531 speraret,
1318 3448 1423 3509 sed
1466 3449 1736 3509 obtentui
1777 3448 2084 3509 habiturus
2111 3449 2191 3511 ad
2216 3472 2323 3523 cic.

280 3544 737 3605 intercessiones
768 3564 919 3623 quas
952 3546 1243 3626 parabat:
1301 3544 1770 3607 Alimentariam
1805 3545 2088 3626 inprimis,
2132 3556 2195 3607 et

280 3640 571 3701 Viariam
596 3640 747 3719 (qua
768 3658 1041 3701 numerus
1072 3639 1465 3703 definiebatur
1490 3641 1894 3703 vehiculorum
1921 3652 1988 3704 et
2011 3643 2192 3703 comi·

280 3748 415 3799 tum
438 3739 557 3799 iter
577 3736 953 3809 facientibus,
972 3739 999 3775 ⁴¹
1036 3746 1353 3821 praetextu,
1377 3738 1608 3819 opinor,
1655 3737 1970 3801 Clodianae
2009 3738 2190 3811 necis,
2217 3750 2440 3818 Appi-n.

347 3932 373 3959 ο
410 3922 531 3973 Noa
568 3922 779 3985 sing-Rs
813 3924 972 3987 αωιίσ,
1011 3924 1095 3974 sed
1124 3938 1210 3988 per
1342 3922 1369 3958 ⁴¹
1402 3924 1471 3973 Et
1500 3920 1734 3980 Vim-iam,
1757 3938 1850 3985 qua
1869 3936 2093 3973 samem
2110 3924 2192 3974 de·

282 3988 512 4041 mesaia
557 3990 705 4039 morio
756 3994 863 4038 emt
910 3988 1211 4052 intercalari]
1262 3986 1533 4055 finiebatur
1552 3986 1866 4037 semorum
1897 3993 1946 4037 et
1967 3988 2193 4037 comitum

280 4054 461 4105 Immo
502 4053 671 4103 altero
707 4067 911 4118 quoque
950 4068 1105 4115 anno,
1136 4052 1211 4103 lta
1276 4050 1700 4114 &eu-facientibus]
1731 4050 2038 4101 Addidimua
2061 4052 2192 4103 duas

280 4130 343 4169 ut
374 4118 601 4169 alternis
636 4118 786 4169 binos
806 4128 861 4168 et
882 4116 1112 4183 vicenos,
1135 4118 1207 4169 al-
1278 4119 1472 4183 primas
1494 4130 1647 4167 voce·
1669 4130 1734 4165 ex
1769 4117 1920 4167 Coelli
1955 4118 2192 4181 epistola.

286 4183 454 4233 ternis
480 4192 659 4232 ternos
672 4191 727 4233 et
754 4182 959 4233 vicenos
982 4184 1206 4233 interca·
1278 4182 1525 4233 Ceterum
1560 4194 1732 4245 neque
1770 4182 1981 4243 Coelius,
2021 4196 2194 4246 neque

279 4250 466 4298 larent
520 4247 659 4297 dies:
704 4248 807 4298 nisi
856 4247 994 4313 quod
1048 4249 1207 4299 tertio
1280 4246 1547 4313 Appianas
1574 4246 1643 4296 de
1679 4260 1896 4297 numero
1935 4248 2197 4297 vehiculo-

280 4328 495 4380 qooque
515 4312 777 4377 octennio,
789 4326 891 4363 non
906 4312 1209 4377 nonaginta,
1278 4328 1391 4363 rum
1415 4319 1473 4363 et
1494 4310 1740 4363 comitum
1762 4325 1826 4361 ea
1844 4312 1960 4375 lege
1977 4310 2202 4365 definito

281 4380 379 4439 sed
404 4393 499 4427 sex
522 4384 581 4428 et
600 4378 875 4441 sexaginta
906 4376 1019 4428 dies
1048 4378 1209 4429 inter·
1280 4378 1555 4445 quicquum
1572 4375 1783 4429 habent.
1815 4376 1956 4429 Creo.

284 4442 557 4496 calebant.
619 4443 758 4494 Vide
778 4442 1017 4497 Macrob.
1048 4442 1192 4497 Creo.
