3300 5234
858 589 1065 641 mnan
1113 591 1341 646 oxm.
1388 591 2040 654 susannam-uu.
2391 577 2568 644 ⁵283

332 733 515 806 furor,
542 733 851 794 ebriositas
872 732 1157 806 Antonii,
1193 736 1587 818 intemperies,
1626 737 1826 808 luxus,
1857 736 2083 816 rapinae
2103 734 2236 816 plu-

332 833 637 894 rimorum.
718 831 841 892 Sed
878 833 995 894 ista
1027 851 1369 913 quanquam
1394 854 1506 894 nec
1532 835 1830 913 ignoraret
1869 833 2099 904 Caesar,
2129 852 2238 894 nec

332 927 633 1007 probaret,
659 928 802 1008 quia
826 927 1099 989 meliores
1126 948 1243 989 non
1266 929 1529 990 habebat
1544 929 1954 1002 administros,
1981 929 2076 988 his
2101 937 2231 990 ute·
2265 932 2495 1049 083⁸ae

336 1024 535 1086 batur.
2379 1033 2394 1049 ⁰
2484 1031 2501 1048 ⁰

416 1127 519 1180 52.
558 1119 699 1180 Jam
722 1120 935 1182 bruma
956 1120 1135 1192 erat,¹·
1168 1129 1231 1181 et
1254 1121 1357 1202 qui
1390 1119 1668 1182 Africam
1693 1120 1980 1181 tenebant
2013 1121 2235 1194 hostes,
2264 1143 2396 1194 Plut.
2417 1142 2536 1196 mo,

329 1237 471 1276 cum
515 1217 1004 1296 occupationibus
1046 1216 1325 1290 Caesaris,
1350 1226 1478 1278 tum
1516 1217 1660 1278 anni
1683 1225 1948 1298 tempore
1971 1217 2240 1278 clausum

331 1313 389 1373 ei
416 1333 581 1373 mare
606 1313 917 1392 putabant.
998 1311 1145 1385 Sed,
1191 1311 1295 1374 ille
1334 1313 1511 1374 solita
1549 1313 1880 1384 celeritate,
1927 1333 2048 1392 qua
2077 1332 2236 1394 saepe
2299 1319 2499 1370 Sueton-

328 1411 573 1470 nuntios
596 1409 673 1470 de
696 1429 759 1470 se
784 1419 1171 1490 praevenerat,
1197 1411 1479 1490 processit
1502 1409 1832 1489 Rhegium,
1857 1429 1931 1470 ne
1959 1410 2240 1490 religione
2262 1383 2500 1498 fimffi·

332 1505 579 1585 quidem
599 1515 887 1578 retentus,
920 1527 1057 1568 cum
1082 1506 1387 1568 immolare
1411 1505 1637 1568 volenti
1663 1515 1867 1568 taurus
1891 1506 2240 1586 aufugisset.
2298 1462 2500 1562 si'zi'eton.

332 1602 536 1663 Omen
562 1603 745 1663 etiam
772 1624 815 1664 a
836 1605 1069 1666 nomine
1096 1603 1412 1685 Scipionis,
1430 1603 1590 1684 quod
1616 1603 1802 1664 fatale
1828 1603 1907 1664 ad
1931 1605 2239 1665 victoriam
2267 1575 2400 1690 gffi'·
2417 1581 2536 1690 3⁹53,

328 1701 395 1762 in
432 1699 653 1762 Africa
674 1710 831 1762 terra
862 1723 1000 1762 suos
1028 1723 1267 1782 quoque
1308 1702 1526 1762 milites
1565 1703 1772 1764 timere
1805 1712 2092 1776 senserat,
2141 1713 2246 1764 aut
2268 1705 2470 1758 Sueten.

330 1798 605 1870 vitando,
632 1809 736 1860 aut
772 1799 1094 1871 eludendo,
1132 1798 1311 1860 duxit
1342 1818 1541 1860 secum
1578 1819 1613 1860 e
1650 1797 1997 1881 Scipionum
2025 1819 2242 1879 genere

330 1898 857 1958 contentissimum
900 1897 1222 1978 quendam,
1262 1897 1361 1958 cui
1396 1896 1697 1959 Salutioni
1737 1917 2060 1976 cognomen
2085 1906 2236 1968 erat,

330 1991 413 2052 ob
438 1993 820 2074 opprobrium
859 1994 1022 2064 vitat,
1046 1994 1210 2075 quod
1243 1996 1377 2073 ejus
1408 1994 1660 2054 nominis
1683 1995 1864 2056 mimo
1887 1996 2085 2075 specie
2109 2015 2238 2056 cor·
2297 1999 2432 2051 Plin.

328 2089 519 2170 poris,
543 2101 607 2152 et
623 2091 871 2152 infamia
894 2111 1124 2152 morum
1148 2091 1481 2152 habebatur
1504 2090 1860 2152 simillimus.
2271 2081 2370 2114 η’·
2390 2069 2474 2116 ¹²·

415 2194 518 2248 53.
563 2188 805 2267 Rhegio
828 2190 1137 2268 transjecit
1172 2189 1539 2260 Messanam,
1569 2187 1711 2248 inde
1749 2187 2085 2269 Lilybaeum
2109 2210 2242 2271 per-
2269 2193 2484 2309 wlfino.

332 2286 504 2348 venit
526 2284 615 2346 A.
643 2286 728 2346 D.
756 2303 907 2348 ΧΠ.
955 2285 1266 2347 Kalendas
1300 2285 1641 2356 JanuariaS,
1679 2294 1743 2346 et
1775 2296 1843 2347 ut
1873 2295 2116 2368 paratos
2153 2288 2246 2347 in-
2268 2259 2573 2374 AgtcdeB.

328 2392 649 2463 tentosque
674 2403 811 2444 suos
832 2383 1100 2456 baberet,
1123 2382 1573 2444 tabernaculum
1606 2382 1668 2441 in
1701 2382 1897 2443 littore
1921 2385 2100 2444 maris
2121 2393 2244 2446 sta·
2268 2389 2406 2440 Plut.

332 2481 475 2552 tuit,
500 2480 929 2542 observandum
970 2501 1034 2541 se
1071 2479 1420 2552 admonens,
1466 2480 1572 2560 qui
1612 2488 1766 2540 esset
1802 2481 1995 2561 primo
2035 2481 2244 2544 oblato

330 2585 517 2638 vento
560 2597 1001 2638 conscensurus.
1084 2577 1186 2637 Ibi
1220 2577 1414 2639 factus
1452 2577 1529 2638 de
1570 2578 1748 2638 rebus
1784 2577 2094 2639 Africanis
2116 2600 2246 2642 cer·

334 2674 479 2747 tior,
504 2675 727 2756 oppido
762 2685 827 2736 et
860 2695 1003 2754 agro
1042 2675 1342 2747 Uticensi,
1368 2676 1473 2735 ubi
1520 2675 1680 2736 Cato
1719 2677 1994 2750 curabat,
2027 2679 2242 2750 vitato,
2302 2685 2349 2736 A
2387 2686 2523 2752 pinu.

334 2771 745 2832 Adrumetum
790 2771 1011 2833 direxit
1042 2793 1299 2844 cursum,
1334 2791 1515 2853 quam
1558 2781 1784 2853 partem
1817 2773 2082 2834 obtinere
2111 2772 2244 2835 Sci·
2269 2759 2323 2802 θ’
2396 2753 2461 2805 ³⁰·

334 2869 577 2950 pionem
618 2868 1015 2930 intellexerat.
1100 2868 1389 2949 Egressus
1424 2890 1459 2929 e
1496 2871 1659 2941 navi,
1687 2884 1905 2948 magno
1949 2890 2087 2931 cum
2127 2881 2247 2932 ter-
2277 2877 2503 2934 'samm

334 2987 473 3028 rore
513 2967 768 3028 militnm
804 2967 1073 3048 impegit,
1108 2967 1484 3048 prociditque
1508 2967 1717 3027 humi:
1757 2967 1867 3028 sed
1908 2967 2036 3041 ille,
2063 2969 2248 3030 verbo
2268 2949 2398 3067 ἓξ·
2418 2955 2504 3000 ⁶⁹·

334 3065 705 3126 scaevitatem
752 3066 969 3125 ominis
1026 3065 1349 3143 corrigens,
1418 3064 1772 3144 complexus
1833 3065 2246 3146 osculatusque
2269 3047 2432 3129 Fronit.
2447 3081 2572 3129 au.

326 3167 583 3234 'terram
603 3162 984 3235 exclamavit,
1010 3172 1029 3198 ⁴
1058 3161 1262 3223 Teneo
1286 3171 1369 3233 te,
1398 3159 1658 3222 Africa!

422 3267 525 3321 54.
570 3260 677 3322 Sic
700 3261 967 3321 exercitu
996 3260 1075 3321 ad
1111 3259 1511 3322 Adrumetum
1550 3261 1846 3342 exposito,
1877 3262 1983 3341 qui
2009 3263 2070 3322 in
2096 3281 2250 3343 prae-
2271 3276 2406 3325 Plut.
2421 3273 2552 3324 Hirt.

336 3378 477 3418 sens
500 3357 661 3419 haud
682 3358 943 3440 amplius
966 3357 1235 3440 peditum
1252 3357 1519 3419 millibus
1540 3359 1732 3419 tribus
1755 3360 2092 3433 constabat,
2113 3381 2252 3422 cum

338 3455 644 3534 equitibus
665 3464 908 3516 centum
943 3455 1395 3537 quinquaginta,
1431 3455 1589 3516 diem
1630 3465 1812 3534 atque
1853 3465 2086 3516 noctem
2109 3477 2250 3517 con-

339 3552 575 3622 sumsit,
624 3552 767 3612 dum
821 3549 893 3611 L.
937 3550 1161 3612 Planci
1193 3551 1509 3613 consilium
1542 3552 1865 3632 experitur,
1911 3553 2014 3632 qui
2054 3553 2132 3613 ad
2175 3552 2250 3613 O.

342 3647 695 3708 Considium
731 3647 955 3729 oppido
994 3647 1338 3728 praefectum
1363 3649 1694 3729 scripserat.
1780 3647 1902 3708 Sed
1940 3658 2251 3730 postquam

341 3764 688 3825 responsum
730 3764 847 3806 non
888 3743 1269 3816 reddebatur,
1310 3742 1537 3816 Caesar,
1578 3755 1808 3804 tentare
1849 3743 2252 3806 Adrumetum

344 3863 464 3903 non
498 3862 693 3913 ausus,
740 3840 1037 3922 proficisci
1072 3840 1211 3902 inde
1238 3843 1464 3902 statuit.
1551 3840 1674 3901 Sed
1702 3841 2016 3902 abeuntem
2057 3861 2252 3902 erum·

346 3959 493 4022 pens
514 3959 593 4002 ex
618 3937 843 4020 oppido
864 3937 1181 3999 multitudo
1206 3937 1551 4018 insequitur.
1637 3935 1806 3999 Nam
1832 3937 1966 3998 duae
1993 3939 2254 4018 legiones

409 4179 437 4212 δ
469 4179 589 4228 Jmn
630 4177 793 4227 bruma
829 4173 961 4240 ord]
1004 4175 1095 4224 Ita
1134 4175 1261 4224 scri·
1333 4173 1590 4237 pervenit,
1624 4171 1890 4222 incidebat
1911 4172 1964 4221 in
1995 4171 2131 4222 diem
2171 4175 2256 4221 8⁰.

340 4245 479 4295 bunt
519 4243 837 4292 Plutarchus
872 4247 931 4290 et
970 4239 1091 4290 Dio.
1157 4238 1265 4290 Sed
1336 4247 1394 4289 et
1414 4239 1647 4288 ultimum
1670 4237 2018 4301 Septembris,
2039 4243 2253 4286 notante

342 4312 462 4360 illos
498 4307 695 4368 fefellit
734 4306 857 4355 anni
895 4305 1114 4356 Romani
1150 4319 1267 4367 per·
1338 4303 1561 4354 usserio
1604 4303 1660 4351 in
1703 4301 1893 4353 Annal.
1939 4301 2005 4378 οιιὶ
2061 4316 2252 4351 annun

346 4375 601 4426 turbatio.
668 4371 795 4422 Dies
840 4383 961 4420 nv.
1004 4369 1270 4420 Kalendas
1340 4367 1690 4418 mnndissooss.
1737 4367 1993 4418 Vidmot.
2021 4366 2253 4418 adbox.

343 4441 640 4503 lanuarias,
662 4451 767 4504 quo
788 4435 969 4488 cuam
985 4434 1271 4500 Lilybaeum
1340 4447 1388 4484 c.
1407 4437 1491 4484 68.
1514 4447 1690 4498 snpra.
1727 4434 1867 4482 cm.
