3300 5234
786 576 963 677 5158
1847 592 1914 643 τ.
1949 540 2161 645 ιινιιΙ

1102 738 1589 821 disceptationem
1610 738 1627 767 ’
1667 738 2012 809 ostendens:
2056 736 2230 799 simul
2255 738 2522 799 hortatus
2547 756 2774 810 omnes,
2803 746 2824 775 ‘
2845 737 2996 800 bono

1105 845 1298 897 esent
1336 837 1555 907 animo,
1583 855 1776 917 neque
1809 856 1874 895 se
1903 838 2327 914 conjungerent
2361 854 2452 894 res
2485 836 2726 895 turbare
2761 837 3000 917 cupien-

1106 933 1286 993 tibus.
1372 931 1517 993 Non
1568 934 1778 993 minus·
1809 952 1873 992 se
1923 932 2016 991 his
2073 931 2476 991 consulturum
2533 952 2638 1013 pro
2699 932 2844 1003 suis,
2901 933 3000 1012 qui

816 1036 1017 1087 Sueten.
1106 1026 1169 1086 in
1212 1038 1441 1100 neutra,
1486 1050 1668 1111 quam
1712 1030 1816 1111 qui
1857 1030 1918 1089 in
1977 1049 2086 1089 sua
2119 1038 2316 1089 castra
2363 1030 2702 1090 venissent.’
2791 1028 3002 1096 Quan-

785 1102 1083 1217 gt;;·⁰k’2{:
1106 1142 1287 1204 qnam
1313 1124 1686 1211 Pompeius„
1708 1134 1944 1186 auctore
1983 1125 2110 1185 solo
2145 1126 2476 1206 principum
2519 1124 2812 1196 Domitio,
2859 1134 2878 1160 ‘
2902 1144 3006 1205 pro

1109 1221 1375 1283 hostibus
1414 1242 1477 1283 se
1520 1224 1877 1297 habiturum,
1910 1224 2010 1304 qui
2047 1224 2389 1305 reipublicae
2429 1222 2795 1295 defuissent:
2833 1223 3006 1285 edix-

1110 1326 1257 1379 erat.

784 1360 1001 1499 Rapina.
1192 1423 1291 1476 54.
1337 1416 1585 1479 Interim
1620 1438 1738 1479 non
1773 1426 2088 1499 expectato
2115 1416 2445 1498 legatorum
2469 1416 3008 1489 reditusacerrime

786 1440 1020 1604 32³}ss-
1108 1512 1411 1575 delectum
1446 1516 1666 1577 habere
1692 1515 1976 1585 Arimini,
2011 1524 2342 1596 opportuna
2368 1514 2504 1574 loca
2525 1534 2840 1595 occupare,
2861 1532 3016 1595 prae-

788 1616 869 1667 n.
888 1626 939 1666 et
962 1622 1045 1671 18.
1110 1610 1267 1671 sidia
1300 1612 1622 1692 imponere.
1705 1610 1800 1671 M.
1841 1610 2146 1671 Antonius
2185 1630 2322 1671 cum
2366 1612 2632 1693 quinque
2671 1610 3014 1671 cohoru‘bus

786 1680 927 1797 offe·
948 1746 1013 1795 ‚d
1114 1706 1423 1769 Arretium
1460 1710 1733 1781 mittitur,
1767 1710 1970 1789 ibique
1995 1708 2336 1790 praesidium
2375 1708 2643 1789 imponit.
2727 1708 2916 1787 Fugit
2953 1708 3012 1767 in

783 1812 993 1861 Atiam.
1008 1812 1091 1861 12.
1118 1803 1514 1886 Campaniam
1539 1804 1886 1867 Scribonius
1921 1805 2096 1875 Libo,
2133 1806 2237 1884 qui
2276 1805 2460 1879 tutari
2499 1804 2790 1865 debuerat
2831 1804 3013 1864 Etru-

786 1874 919 1929 Flor.
942 1892 999 1924 ιν
1040 1878 1073 1925 2

784 1940 973 1992 hem·
992 1909 1055 1993 ¹⁸1·
1076 1910 1091 1927 ⁰
1112 1901 1282 1962 riam.
1366 1900 1710 1974 Pisaurum,
1745 1902 1998 1973 Fanum,
2020 1901 2364 1973 Anconam,
2395 1902 2472 1961 ab
2498 1901 2782 1963 Arimino
2807 1899 3016 1961 Cesar

786 2009 907 2057 ⁴62.
954 2052 963 2065 ,
1112 1998 1358 2077 singulis
1375 1999 1719 2061 cohortibus
1741 2007 2014 2079 occupat.
2079 1998 2402 2059 Curionem
2427 2018 2562 2060 cum
2589 1998 2781 2059 tribus
2804 1997 3018 2059 cohor-

822 2071 929 2122 ⁰⁵⁰·
952 2070 1016 2119 “¹
1113 2094 1275 2156 tibu-
1296 2096 1377 2157 ad
1398 2096 1679 2176 Iguvium
1703 2095 2105 2177 recipiendum
2133 2098 2218 2157 ire
2234 2095 2436 2176 jubet,
2461 2094 2726 2159 validum
2744 2094 3019 2165 ‚Umbria

787 2134 923 2184 Fam.
940 2148 1057 2187 xvx-

793 2200 873 2249 19.
908 2198 1043 2249 σεο.
1116 2195 1420 2276 oppidum,
1448 2194 1610 2277 quod
1634 2216 1676 2256 a
1700 2195 1934 2263 Quinto
1952 2195 2226 2256 Minucio
2243 2194 2503 2255 Thermo
2521 2195 2784 2275 quinque
2807 2194 3020 2253 cobor-

791 2264 1071 2379 th‘czffj
1116 2292 1277 2353 tibus
1301 2295 1631 2354 tenebatur.
1715 2290 1840 2353 Sed
1871 2290 1976 2352 ille
2015 2290 2308 2353 voluntati
2343 2290 2567 2352 diffisus
2605 2289 3020 2371 Iguvinorum,

790 2392 932 2504 ΑΟἱο·
955 2392 1020 2441 nd
1118 2408 1269 2469 quos
1310 2388 1671 2452 addictiores
1695 2388 1922 2457 caari
1962 2410 2088 2449 esse
2127 2389 2377 2461 sciebat,
2417 2387 2698 2471 profugit.
2785 2386 3024 2449 Milites

824 2459 1099 2576 ἕῖζῗὶῇἓζ
1118 2487 1251 2565 ejus
1274 2486 1335 2545 in
1362 2485 1571 2547 itinere
1594 2486 1928 2558 discedunt,
1953 2485 2310 2566 domumque
2334 2506 2397 2547 se
2421 2485 2754 2546 conferunt.

790 2586 920 2635 cas.
1198 2588 1301 2643 65.
1344 2580 1467 2643 His
1485 2585 1663 2645 rebus
1685 2590 1750 2643 et
1773 2584 2226 2664 municipiorum
2251 2582 2558 2645 voluntate
2583 2582 2847 2661 cognita,
2881 2579 3018 2641 Gae-

782 1236 1090 1371 Pina-,Pomp-

791 2664 984 2782 alniis.
1114 2698 1234 2751 sar,
1282 2688 1461 2741 aucta
1502 2680 1750 2751 fiducia,
1789 2700 1928 2741 cum
1972 2680 2206 2759 legione
2241 2680 2652 2741 tertiadecima
2679 2678 3017 2739 Auximum

792 2794 921 2847 cm,
1117 2772 1529 2856 proficiscitur,
1554 2776 1774 2839 Piceni
1789 2780 1812 2815 ⁵
1841 2777 2068 2847 urbem,
2094 2796 2274 2856 quam
2301 2776 2386 2837 P.
2407 2775 2620 2836 Attius
2639 2774 2842 2835 Varus
2867 2794 3020 2856 prae·

1114 2871 1269 2933 sidio
1318 2875 1583 2942 tenebat.
1646 2872 1890 2953 agendis
1941 2874 2002 2933 in
2069 2872 2304 2933 Piceno
2341 2872 2671 2934 delectibus
2730 2872 3015 2937 intentus.

1118 2970 1481 3051 Auximates
1515 2971 1750 3034 Varum
1796 2980 2037 3043 terrent,
2079 2978 2142 3031 'et
2185 2970 2474 3031 decedere
2515 2970 2735 3053 oppido
2776 2980 3018 3050 cogunt.

1120 3068 1465 3147 Fugientem
1493 3089 1597 3151 per
1622 3068 1911 3150 impedita
1947 3068 2084 3129 loca
2107 3068 2353 3148 quidam
2381 3068 2636 3129 Caesaris
2669 3067 2888 3128 milites
2925 3086 3017 3129 es-

1116 3168 1301 3227 secuti
1348 3169 1666 3228 consistere
1701 3176 1939 3247 cogunt.
2016 3166 2172 3227 Post
2196 3166 2437 3227 brevem
2460 3186 2718 3248 pugnam
2733 3166 3020 3227 deseritur

1122 3282 1161 3323 a
1184 3264 1303 3323 suis
1329 3263 1565 3326 Varus:
1608 3264 1714 3325 alii
1735 3264 1997 3335 domum,
2025 3261 2288 3344 plerique
2315 3264 2392 3325 ad
2419 3264 2717 3324 Caesarcm
2751 3273 3016 3345 pergunt.

827 3359 937 3412 eie.
967 3360 1031 3409 sd
1123 3359 1289 3421 Haec
1328 3359 1593 3421 Romam
1620 3361 1873 3443 perlata,
1911 3381 2048 3421 cum
2079 3363 2336 3441 jamjam
2381 3360 2587 3421 adesse
2625 3360 2852 3433 Caesar,
2877 3380 3018 3423 con-

791 3426 1098 3477 Att'm'm'
1120 3458 1389 3539 spicique
1430 3460 1662 3540 equites
1699 3460 1832 3538 ejus
1871 3457 2028 3519 falso
2067 3456 2425 3528 dicerentur,
2481 3458 2570 3519 sic
2613 3466 3022 3517 exterruerunt

1124 3554 1439 3617 Lentulum
1457 3556 1784 3625 consulem,
1805 3556 1906 3635 qui
1929 3576 2006 3615 ex
2025 3554 2306 3616 mandato
2327 3554 2633 3635 Pompeii,
2656 3553 2816 3634 quod
2832 3554 2920 3615 A.
2933 3553 3020 3615 D.

796 3654 925 3705 cns.
1122 3668 1251 3713 vu.
1289 3651 1439 3712 Idus
1490 3652 1850 3715 Februarias
1899 3674 2002 3735 per
2045 3653 2120 3715 C.
2166 3651 2440 3713 Cassium
2485 3654 2782 3713 tribunum
2825 3652 3022 3733 plebis

1016 3760 1029 3773 ‘
1124 3750 1401 3833 Capuam
1426 3760 1555 3811 erat
1578 3750 1850 3822 allatum,
1881 3750 1958 3812 ad
1981 3752 2294 3832 pecuniam
2319 3748 2700 3831 promendam
2723 3748 3020 3830 Pompeio

1122 3857 1386 3922 venerat,
1414 3858 1483 3909 ut
1507 3858 1716 3932 aperto
1735 3848 2024 3911 sanctiore
2045 3850 2274 3925 aerario,
2300 3848 2568 3929 protinus
2585 3866 2663 3906 ex
2687 3846 2860 3907 Urbe
2885 3866 3020 3927 pro-

1122 3946 1189 4007 fu
1268 3954 1376 4007 ret.
2145 3948 2159 3973 ⁸

834 4052 941 4104 cic.
962 4052 1027 4103 aa
1192 3966 1307 4105 ξοδ.
1354 4040 1643 4102 Delectus
1667 4040 1822 4101 iutra
1847 4038 2076 4099 Urbem
2112 4040 2435 4101 omittitur:
2477 4059 2670 4120 neque
2709 4038 2836 4101 ullo
2869 4040 3020 4100 inter

800 4118 1007 4235 ἔξω·
1025 4121 1105 4171 ¹⁴·
1127 4140 1389 4201 Romam
1412 4158 1486 4200 ac
1512 4138 1786 4220 Capuam
1811 4136 2012 4198 fiditur
2048 4136 2218 4197 loco:
2265 4136 2496 4219 Capuae
2521 4137 2760 4198 demum
2795 4155 2860 4199 se
2877 4158 3017 4197 con-

1126 4236 1385 4311 firmant,
1414 4237 1615 4319 ibique
1638 4235 1937 4297 delectum
1961 4234 2272 4295 instituunt
2303 4253 2499 4313 agere,
2538 4254 2745 4329 parum
2775 4233 3014 4319 ‘prolixe

1705 4434 1739 4477 ὅ
1774 4428 1940 4481 Piceni
1959 4428 2080 4479 edd.
2101 4438 2222 4481 ante
2251 4429 2410 4480 Crer.
