3300 5234
721 586 899 654 4988
1676 604 1746 650 τ.
1798 602 1991 651 mvn

1050 752 1392 803 contentum
1419 742 1634 817 ferens,
1662 744 1947 825 quiequid
1966 744 2248 825 cupiebat
2274 742 2523 803 aliorum
2548 762 2752 826 opera,
2780 765 2890 806 nec
2916 766 2959 807 a

1051 839 1230 921 plebe
1253 839 1465 912 solum,
1489 842 1592 902 sed
1641 850 1853 923 postea
1894 842 2077 901 etiam
2118 862 2155 901 a
2206 851 2415 901 senatu
2464 843 2957 923 consequebatur.

723 943 922 993 Sueten.
1051 936 1223 997 Nam
1251 936 1566 1020 Illyricum
1593 937 1983 1019 Galliamque
2010 937 2407 1019 Cisalpinam3
2430 958 2613 1018 quam
2640 958 2719 1000 ex
2762 940 2959 999 omni-

757 1040 874 1089 Dio.
1047 1036 1162 1095 bus
1185 1035 1504 1115 provinciis
1537 1034 1824 1114 elegerat,
1866 1054 2071 1095 socero
2104 1054 2435 1115 generoque
2474 1034 2958 1114 suffragantibus,

723 1102 1014 1220 fflfff‘sseu·
1047 1148 1185 1190 cum
1210 1131 1538 1211 leg-ionibus
1572 1134 1761 1194 tribus
1785 1133 1845 1193 in
1883 1132 2351 1213 quinquennium
2382 1133 2618 1213 accepit
2652 1134 2958 1212 rogatione

721 1235 858 1283 Suet.
881 1234 1002 1285 Dio.
1051 1227 1340 1291 Vatinia:
1385 1247 1526 1290 mox
1561 1238 1777 1310 quarta
1816 1228 2011 1309 legio,
2030 1239 2093 1291 et
2116 1250 2251 1309 quae
2276 1238 2441 1289 trans
2464 1228 2665 1310 Alpes
2686 1240 2776 1291 est
2800 1229 2962 1290 Gal-

723 1300 959 1415 {³303
973 1305 1026 1353 ⁷·
1052 1324 1136 1387 lia
1181 1325 1689 1387 senatusconsulto
1748 1326 2013 1387 accessit.
2098 1315 2482 1387 Verebantur
2524 1328 2683 1387 enim
2736 1335 2959 1407 patres,

759 1428 868 1479 Cic.
889 1430 943 1478 in
1053 1443 1150 1495 ne,
1171 1424 1548 1484 contantibus
1571 1424 1735 1505 ipsis,
1766 1432 1829 1483 et
1851 1424 2005 1483 hanc
2030 1423 2283 1505 populus
2306 1423 2498 1494 daret,
2535 1425 2641 1502 qui
2654 1426 2789 1503 Jam
2814 1444 2961 1484 con-

725 1492 910 1622 ζιζτξ.
929 1499 1018 1545 1⁶.
1051 1528 1146 1579 tra
1185 1519 1376 1599 legem
1413 1518 1821 1601 Semproniam
1851 1520 2007 1599 juris
2041 1520 2219 1599 hujus
2242 1520 2679 1601 usurpationem
2704 1522 2963 1601 primam

729 1622 907 1685 Domo,
921 1627 1030 1673 ca.
1053 1626 1410 1697 gustaverat.
1496 1616 1721 1697 Neque
1746 1616 2142 1679 dissimulavit
2167 1618 2342 1696 hujus
2365 1616 2625 1677 victoriae
2650 1616 2961 1697 gaudium,
3067 1610 3085 1621 “

727 1686 927 1739 Sueten.
1054 1714 1380 1795 paucisque
1405 1715 1735 1794 interjectis
1758 1713 1992 1785 diebus,
2016 1712 2309 1794 frequenti
2334 1714 2525 1784 curia,
2565 1723 2583 1749 ‘
2606 1714 2869 1773 omnium
2894 1732 2959 1773 se

1052 1812 1350 1891 capitibus
1401 1811 1711 1872 illusurum
1734 1813 1752 1839 '
1807 1812 2073 1890 jactavit
2114 1832 2127 1871 :
2208 1830 2304 1882 ac,
2350 1820 2605 1890 negante
2653 1810 2963 1891 quopiam,

1054 1916 1072 1943 ‘
1094 1906 1272 1968 facile
1319 1910 1434 1970 hoc
1479 1909 1588 1969 ulli
1633 1908 1889 1969 foeminae
1932 1909 2059 1970 fore
2082 1930 2100 1979 3
2124 1911 2139 1937 ’
2181 1908 2507 1989 respondit,
2557 1908 2657 1968 ‘in
2704 1906 2965 1988 Assyria

1054 2026 1292 2086 quoque
1332 2028 1604 2086 regnasse
1649 2006 2025 2078 semiramin,
2070 2016 2133 2068 et
2181 1984 2457 2086 maguam
2504 2004 2677 2066 Asiae
2730 2014 2967 2086 partem

1055 2103 1200 2163 olim
1227 2106 1490 2185 paruisse
1517 2104 1971 2165 Amazonibus!

1135 2206 1237 2265 97.
1280 2201 1506 2281 Neque
1527 2210 1843 2263 contentus
1866 2199 2205 2261 domesticis
2228 2199 2538 2281 praesidiis‘,
2568 2218 2749 2279 regna
2770 2198 2963 2259 socio-

767 2352 808 2401 c
915 2352 950 2403 d
1055 2318 1186 2358 rum
1209 2300 1484 2360 omnibus
1507 2298 1698 2359 modis
1720 2298 1947 2359 studuit
1972 2296 2315 2377 adjungere.
2400 2296 2777 2359 Ariovistum
2806 2294 2962 2357 Sue-

731 2417 796 2467 B.
809 2367 1012 2470 ‘giufn
1056 2413 1260 2457 vorum
1287 2416 1505 2475 regem,
1541 2396 1797 2476 itemque
1827 2393 2246 2467 Ptolemaeum,
2271 2395 2371 2455 cui
2394 2404 2459 2455 et
2480 2412 2759 2474 magnam
2785 2412 2967 2475 pecu-

733 2482 955 2597 ιξξοὲω
1057 2494 1170 2553 niae
1209 2512 1496 2555 summam
1537 2493 1893 2567 crediderat,
1948 2492 2173 2555 socium
2218 2500 2283 2553 et
2342 2494 2597 2553 amicum
2654 2490 2967 2573 appellan-

731 2610 864 2665 Plnt.
884 2582 1012 2664 cao-n.
1057 2590 1222 2665 dum,
1258 2602 1322 2654 et
1353 2592 1486 2671 lege
1523 2602 1586 2653 et
1612 2591 2140 2662 senatusconsulto,
2166 2590 2471 2672 foedusque
2490 2610 2627 2651 cum
2652 2608 2726 2649 eo
2752 2590 2813 2649 in
2840 2588 2968 2649 Ca-

734 2676 911 2796 ¹122}
1059 2689 1271 2769 pitolio
1303 2689 1632 2750 feriendum
1668 2690 1915 2751 curavit.
2000 2688 2168 2749 Inter
2208 2690 2337 2749 haec
2371 2688 2645 2749 consules
2669 2686 2971 2767 designati

767 2805 902 2856 ρης,
917 2776 984 2855 210
1059 2794 1217 2856 sunt,
1255 2787 1346 2846 uti
1385 2795 1764 2856 convenerat,
1805 2786 1874 2846 L.
1907 2786 2080 2859 Piso,
2119 2784 2205 2845 A.
2235 2784 2553 2847 Gabinius.
2636 2782 2973 2844 Gabinium

734 2869 928 2983 ΒόἱοίὙ·
951 2886 1038 2920 ¹¹¹·
1061 2883 1138 2943 de
1165 2884 1390 2944 ambitu
1417 2884 1775 2963 interrogare
1802 2884 1879 2945 C.
1908 2884 2067 2944 Cato
2092 2882 2433 2943 adolescens
2458 2882 2757 2963 cupiebat.
2842 2880 2971 2941 Sed

733 2950 873 3073 80ξὲ
887 2949 1040 3049 5¹3⁶.
1062 3001 1198 3041 cum
1227 3002 1332 3062 per
1357 2980 1588 3061 aliquot
1609 2981 1742 3041 dies
1762 2982 1999 3063 copiam
2024 2982 2115 3041 sui
2142 2988 2423 3063 praetores
2446 3000 2565 3042 non
2592 2978 2874 3051 facerent,
2904 2980 2969 3039 in

735 3060 875 3176 52:2²¹·
891 3065 954 3176 *τά
971 3065 1036 3179 ἓ·
1063 3080 1408 3140 concionem
1456 3078 1722 3140 ascendit
1747 3079 1928 3150 Cato,
1971 3087 2035 3139 et
2066 3078 2425 3159 Pompeium
2466 3078 2735 3159 privatus
2770 3074 2971 3137 dicta-

873 3162 886 3178 ⁰
937 3163 950 3179 ⁰
1011 3161 1025 3177 ’
1061 3182 1248 3233 torem
1290 3176 1659 3259 appellavit.¹
1737 3174 1917 3235 Unde
1956 3195 2205 3255 magnus
2243 3184 2485 3235 exortus
2523 3172 2811 3234 tumultus
2854 3180 2971 3245 est,

1064 3271 1418 3352 propiusque
1443 3271 1591 3332 nihil
1617 3272 1863 3343 sactum,
1891 3292 2071 3353 quam
2090 3282 2159 3331 ut
2182 3268 2359 3332 h'omo
2384 3271 2725 3331 temerarius
2747 3278 2811 3329 et
2832 3269 2975 3330 nul—

1063 3363 1179 3426 lius
1203 3368 1429 3427 consilii
1455 3369 1838 3430 occideretur.

771 3488 879 3539 cic.
896 3490 961 3539 ad
1007 3476 1020 3491 “
1144 3470 1246 3523 98.
1293 3463 1415 3525 Sed
1445 3466 1701 3548 acriores
1738 3466 1849 3527 sub
1886 3465 2043 3527 idem
2080 3474 2317 3545 tempus
2352 3464 2555 3524 turbas
2580 3461 2871 3523 excitavit
2896 3460 2975 3523 L.

735 3554 846 3669 gt&
869 3572 934 3605 1¹·
955 3558 1038 3607 2⁴·
1065 3556 1315 3621 Vettius
1341 3561 1713 3623 Catilinariae
1746 3564 2169 3643 conjurationis
2194 3561 2399 3633 index,
2426 3561 2531 3641 qui
2556 3560 2911 3621 subornatus
2934 3578 2979 3619 a

771 3628 938 3671 ’,εἶπ’
1065 3653 1330 3730 caesare,
1375 3658 1737 3721 solicitatum
1782 3680 1845 3721 se
1896 3679 1935 3719 a
1974 3658 2329 3740 quibusdam
2366 3657 2443 3717 de
2498 3656 2801 3717 inferenda
2853 3655 2977 3716 Cn.

1069 3750 1365 3835 Pompeio
1377 3766 1452 3815 -et
1479 3754 1554 3815 C.
1585 3756 1813 3817 Caesari
1840 3776 1985 3817 nece
2010 3756 2268 3816 dicebat.
2353 3753 2451 3814 Ea
2472 3752 2682 3814 fabula
2701 3752 2977 3832 aliquan-

737 3882 847 3935 (ἧς.
1066 3858 1132 3909 to
1163 3851 1359 3924 aliter,
1382 3871 1564 3931 quam
1589 3862 1801 3913 ornata
1824 3853 2169 3934 putabatur,
2194 3861 2333 3912 acta
2350 3860 2458 3911 est.
2543 3849 2791 3910 Vettius
2815 3849 2979 3908 enim

1065 3969 1202 4011 cum
1233 3950 1512 4030 pugione,
1538 3948 1811 4030 servique
1830 3946 1979 4029 'ejus
2007 3968 2144 4008 cum
2176 3948 2307 4007 telis
2338 3948 2397 4007 in
2433 3946 2561 4007 foro
2586 3944 2979 4027 deprehendi,

1135 4130 1152 4165 Ι
1179 4134 1248 4181 Et
1279 4132 1559 4197 Pompeium
1589 4133 1807 4195 wionius
1826 4132 1981 4183 dicta-
2050 4130 2225 4182 detur.
2290 4131 2499 4195 Nempe
2516 4128 2599 4179 bic
2621 4129 2755 4179 Cato
2785 4124 2979 4177 invidi·

1067 4201 1220 4247 torem
1241 4198 1523 4311 appellavit?
1558 4198 1692 4249 Quae
1734 4199 1831 4260 vis,
1866 4212 1981 4262 quoe
2053 4208 2141 4247 ose
2182 4196 2437 4260 arguebat
2486 4194 2811 4259 Pompeium,
2845 4192 2981 4243 licet

1071 4276 1219 4311 mens
1274 4263 1426 4325 huju·
1521 4264 1612 4313 icti
1657 4262 1835 4325 suerit,
1878 4278 1983 4313 non
2056 4262 2334 4325 privatum,
2351 4259 2633 4310 dictatoria
2658 4267 2833 4309 tamen
2856 4272 2979 4307 esse

1071 4340 1195 4376 sane
1217 4330 1554 4391 assequimur.
1621 4329 1879 4377 Gruterus
1918 4343 1981 4377 ex
2060 4328 2314 4391 potentia,
2336 4326 2423 4390 qni
2442 4324 2723 4375 Gabinium
2744 4322 2976 4372 ambitus

1069 4405 1172 4441 uno
1193 4390 1376 4441 codiee
1394 4392 1613 4457 subjicit
1631 4395 1873 4457 priuatum
1888 4393 1989 4442 dic·
2059 4390 2395 4442 manifestum
2417 4389 2738 4441 accusationi
2760 4396 2817 4439 et
2827 4386 2977 4452 judi·

1071 4460 1290 4514 tutorem,
1325 4458 1461 4522 quod
1503 4472 1683 4508 verum
1720 4458 1865 4509 nobis
1916 4460 1989 4507 vi·
2060 4458 2142 4509 cio
2164 4456 2412 4522 eriperet.
2450 4456 2595 4506 Crev.
