3300 5234
884 562 1093 615 ιιιιιιι
1140 560 1305 615 cxi.
1352 526 2006 615 surrnsusnruu.
2388 542 2570 612 52⁰3

321 706 551 789 Neque
577 706 893 769 Lucretius
924 705 1205 790 Vespillo
1242 714 1309 767 et
1344 706 1654 767 Minucius
1693 694 1916 778 Rufus,
1957 704 2062 786 qui
2095 722 2234 765 cum

318 805 657 866 octodecim
686 804 969 865 Laelianis
994 806 1244 865 navibus
1280 811 1451 864 erant
1476 802 1670 875 Orici,
1691 822 1992 885 opponere
2019 822 2081 863 se
2107 800 2235 861 ausi

320 908 533 971 erant;
577 922 923 983 quanquam
958 901 1165 961 Caesar
1188 898 1351 961 haud
1384 898 1579 981 plures
1610 898 1930 961 duodecim
1953 906 2236 959 rostratas

317 1000 603 1080 praesidio
628 998 903 1061 duxerat.
986 996 1181 1078 Igitur
1209 995 1491 1069 Bibulus,
1520 1005 1826 1079 comperto
1849 996 2106 1057 Caesaris
2125 994 2234 1057 ad-

318 1105 530 1169 ventu,
554 1116 689 1157 cum
714 1096 911 1157 adhuc
938 1096 1173 1177 aliquas
1196 1094 1397 1175 excipi
1420 1114 1601 1156 naves
1618 1114 1790 1176 posse
1813 1102 2098 1175 speraret,
2125 1112 2234 1155 va-

315 1193 449 1253 cuis
477 1195 757 1265 occurrit,
777 1214 929 1275 quas
950 1214 1085 1255 cum
1111 1191 1289 1253 Fufio
1316 1190 1557 1252 Kalene
1596 1191 1798 1271 legato
1843 1190 2234 1251 Brundisium

320 1286 533 1350 Caesar
558 1290 637 1351 ad
662 1289 1149 1371 transportandas
1180 1288 1441 1369 reliquas
1482 1290 1690 1370 copias
1723 1287 2042 1349 remiserat.
2126 1286 2229 1347 Ex

316 1404 393 1445 eo
434 1406 677 1447 numero
722 1396 931 1446 nactus
972 1387 1236 1465 triginta,
1263 1404 1401 1446 cum
1440 1384 1585 1466 ipsis
1622 1385 1822 1445 nautis
1859 1382 2230 1463 dominisque

316 1482 563 1543 navium
589 1483 932 1553 combussit,
968 1491 1037 1542 ut
1060 1481 1335 1563 supplicii
1359 1480 1631 1542 foeditate
1669 1490 1900 1542 ceteros
1937 1480 2230 1541 absterre-

314 1588 431 1641 ret.
516 1580 765 1640 Summa
803 1579 1017 1640 deinde
1058 1579 1373 1660 diligentia
1414 1599 1576 1649 usus,
1615 1599 1655 1639 a
1696 1576 1936 1638 Salonis
1980 1577 2230 1637 Oricum

314 1696 503 1757 usque
538 1684 729 1737 totum
768 1696 931 1735 mare
964 1675 1253 1736 classibus
1292 1676 1633 1757 praetexuit,
1663 1675 1792 1755 ipse
1833 1694 1940 1754 per
1980 1673 2228 1753 aspa-ri·

314 1791 479 1833 mam
504 1772 773 1853 hyemem
809 1772 1115 1833 excubans
1140 1773 1201 1832 in
1228 1772 1500 1843 navibus,
1519 1790 1712 1853 neque
1740 1770 2004 1831 laborem
2031 1768 2222 1830 ullum

318 1879 427 1932 aut
450 1891 663 1931 munus
685 1871 1035 1953 despiciens.

394 1974 497 2028 10.
543 1967 639 2027 At
660 1967 887 2039 Caesar,
914 1969 1095 2028 misso
1116 1966 1195 2027 ad
1221 1966 1583 2048 Pompeium
1622 1964 1695 2026 L.
1724 1964 2004 2027 Vibullio
2030 1963 2224 2035 Rufo,

313 2084 495 2146 quem
518 2065 702 2125 semel
731 2065 892 2147 apud
921 2064 1273 2137 Corfinium,
1300 2065 1511 2125 iterum
1538 2066 1597 2125 in
1628 2062 1934 2145 Hispania
1955 2072 2196 2145 captum
2203 2106 2224 2136 ,

312 2162 675 2242 praestiterat
718 2162 1098 2234 incolumem,
1141 2162 1394 2243 ideoque
1436 2161 1514 2222 ad
1558 2158 1910 2242 perferenda
1943 2158 2020 2219 de
2075 2180 2224 2241 pace

311 2258 601 2319 mandata
614 2258 937 2339 judicabat
974 2258 1289 2329 idoneum3
1334 2246 1535 2321 statim
1572 2268 1754 2340 atque
1791 2257 2010 2319 milites
2036 2276 2223 2337 expo-

310 2364 535 2427 suerat,
585 2376 691 2438 per
728 2378 969 2439 asperos
1003 2368 1397 2438 angustosque
1438 2356 1647 2429 calles,
1675 2356 1780 2416 sed
1817 2355 2224 2434 ignorantibus

312 2452 639 2513 adventum
665 2456 795 2533 ejus
820 2456 1087 2515 hostibus
1104 2454 1511 2525 incustoditos,
1534 2454 1785 2514 Oricum
1811 2451 2220 2535 proficiscitur,

308 2548 415 2610 ubi
444 2548 516 2609 L.
536 2550 877 2633 Torquatus
900 2560 1183 2633 praeerat:
1228 2552 1331 2632 qui
1366 2570 1501 2612 cum
1528 2549 1746 2611 frustra
1773 2548 2020 2610 Graecos
2056 2568 2222 2609 arma

304 2664 525 2727 capere
534 2648 831 2727 Jussisset
858 2648 1020 2731 quod
1046 2658 1259 2709 contra
1274 2649 1579 2710 consulem
1602 2646 1948 2709 Romanum
1975 2666 2052 2707 ea
2075 2666 2220 2727 cap-
2275 2672 2472 2790 Appia,

308 2748 473 2803 turos
496 2746 819 2823 negabant,
846 2746 1079 2827 aperuit
1120 2754 1342 2826 portas,
1386 2754 1453 2807 et
1496 2766 1535 2805 a
1577 2745 1815 2806 Caesare
1839 2752 2222 2805 conservatus
2243 2736 2352 2852 εἴ.

306 2847 419 2898 est.
504 2839 663 2902 Inde
700 2843 965 2923 protinus
990 2840 1385 2924 Apolloniam
1412 2844 1597 2903 ἱιιιιιι.
1638 2850 1724 2914 et,
1751 2840 2121 2922 profugiente
2147 2804 2286 2900 L.C

302 2934 606 3010 Staberio‚
632 2948 949 3021 postquam
976 2940 1182 3000 itidem
1209 2939 1637 3021 Apolloniatas
1679 2939 1756 2999 ad
1789 2939 2092 2999 Caesarem
2129 2938 2218 2997 in·-

300 3032 529 3095 clinare
557 3046 841 3108 senserat,
868 3037 931 3097 id
958 3057 1197 3119 quoque
1236 3037 1521 3119 oppidum
1560 3036 1868 3099 voluntate
1908 3036 2219 3097 incolenti-

300 3145 403 3189 um
424 3142 731 3213 receptum
756 3142 867 3193 est.
910 3132 1053 3194 Nec
1078 3154 1245 3195 mora
1266 3133 1407 3205 fuit,
1429 3135 1575 3215 quin
1596 3132 1867 3205 Bullide,
1893 3142 1960 3193 et
1982 3133 2216 3193 Aman-

300 3226 413 3298 tia,
454 3230 791 3311 ceterisque
834 3230 1103 3291 finitimis
1145 3232 1510 3303 civitatibus,
1557 3240 1621 3291 et
1667 3251 1745 3291 ex
1785 3240 1916 3291 tota
1957 3230 2218 3312 denique

310 3323 501 3406 Epiro
540 3326 725 3405 legati
748 3330 1020 3389 venirent
1054 3328 1135 3388 ad
1158 3328 1484 3401 Caesarem,
1511 3330 1786 3390 omnibus
1811 3330 2102 3410 imperata
2121 3329 2214 3389 fa·-

299 3440 437 3483 cere
464 3424 712 3503 paratis.

380 3525 488 3580 11.
531 3518 727 3581 Haud
774 3520 980 3603 procul
1022 3520 1159 3582 inde
1188 3520 1647 3633 Dyrrhachium
1681 3522 1910 3593 aberat,
1941 3522 2212 3583 horreum
2233 3550 2448 3619 Appia

298 3614 609 3698 Pompeii,
642 3636 761 3696 quo
790 3620 985 3678 omnis
1008 3618 1237 3698 generis
1276 3628 1597 3701 apparatus
1621 3638 1898 3699 magnam
1921 3620 2044 3681 vim
2067 3638 2210 3679 con-

298 3712 539 3773 tulerat.
624 3712 773 3774 Hoc
801 3714 1004 3774 Caesar
1029 3714 1290 3776 ostendit
1309 3715 1617 3786 militibus,
1644 3724 1728 3789 et,
1763 3717 1958 3795 ‘quia
1973 3714 2212 3776 fortuna

296 3817 421 3869 tam
446 3808 689 3871 favente
727 3819 923 3871 essent
947 3812 1063 3883 usi,
1100 3819 1168 3872 ut
1207 3832 1313 3893 per
1354 3811 1633 3873 infestum
1674 3812 2123 3893 tempestatibus
2145 3820 2212 3872 et

296 3904 569 3967 hostibus
590 3927 753 3967 mare
782 3906 1105 3968 incolumes
1130 3908 1461 3980 transirent,
1488 3916 1696 3989 totque
1721 3909 1998 3969 civitates
2021 3928 2208 3989 parvo

294 4010 563 4084 tempore
608 4002 973 4083 redegissent
1010 4004 1071 4065 in
1118 4013 1506 4086 potestatem3
1570 4025 1645 4065 ne
1690 4002 1964 4065 deessent
2011 4004 2204 4066 favori

298 4097 567 4161 Deorum
589 4100 605 4125 '
630 4102 895 4162 hortatus
913 4110 1025 4171 est,
1056 4110 1074 4139 ⁶
1098 4123 1423 4183 parumque
1444 4102 1637 4163 adhuc
1658 4101 1878 4161 laboris
1895 4100 2204 4176 adderent,

297 4216 441 4275 quo,
484 4198 825 4279 priusquam
866 4200 1147 4261 advenire
1193 4200 1523 4281 Pompeius
1560 4208 1781 4282 posset,
1827 4198 2204 4279 Dyrrhachio

298 4294 645 4371 potirentur.
715 4294 871 4356 Eam
894 4317 1017 4357 rem
1042 4306 1107 4357 et
1130 4296 1499 4375 abundantia
1520 4296 1790 4379 hyberna
1811 4296 2202 4377 praestituram

300 4389 357 4448 in
384 4410 661 4471 praesens,
679 4400 741 4453 et
766 4391 841 4453 ad
866 4412 1156 4455 summam
1181 4393 1326 4455 belli
1350 4414 1581 4473 magnae
1606 4388 1850 4455 utilitati
1873 4392 2042 4453 fore.¹
