3300 5234
730 511 910 582 ⁵348

747 1941 878 1994 Flor.
923 1941 1044 1990 Dio.

788 3239 988 3287 Sueton.

756 3303 886 3379 Cars-
907 3309 991 3354 ⁷6.

1702 531 1771 580 T.
1818 529 2007 580 mvn

1063 673 1394 736 laureatos:
1437 675 1622 755 ipsius
1664 675 1921 754 imagine
1965 681 2205 734 monete
2242 671 2605 752 signarem:
2646 680 2863 734 statute
2902 673 2969 736 iu

1061 772 1336 832 omnibus
1366 771 1632 844 urbibus,
1666 779 1845 852 atque
1864 757 2143 830 omnibus
2178 769 2369 830 Urbis
2402 768 2699 836 Romnum
2724 767 2969 850 templis

1061 878 1456 948 ponerentur:
1499 871 1563 928 iu
1599 869 1743 950 ipsis
1778 867 2021 950 quidem
2058 867 2261 928 rostris
2288 865 2453 940 duae,
2476 867 2664 928 ultera
2700 887 2839 928 cum
2876 867 2967 926 ci·-

1061 965 1199 1026 vica
1231 985 1476 1034 corona,
1501 964 1695 1026 altera
1722 985 1861 1026 cum
1894 963 2287 1052 obsidionali,
2270 983 2285 1000 ·
2330 971 2617 1044 tanquam
2640 964 2823 1044 ipsius
2844 965 2970 1024 vir-

1059 1070 1187 1122 tute
1225 1064 1446 1124 servati
1482 1064 1669 1134 cives,
1696 1061 1949 1124 liberata
1984 1062 2199 1142 patria,
2226 1059 2458 1131 forent.
2500 1063 2589 1120 uti
2614 1059 2971 1121 Concordia

1062 1158 1264 1222 Novae
1288 1159 1598 1244 templum
1599 1168 1973 1230 statueretur,
1992 1179 2131 1220 cum
2156 1158 2567 1221 anniversariis
2592 1157 2773 1228 ludis,
2789 1177 2969 1238 prop-

1063 1265 1152 1317 ter
1176 1260 1509 1318 restitutam
1534 1276 1573 1317 a
1598 1257 1837 1318 Caesare
1864 1277 2113 1338 pacem:
2140 1257 2307 1316 curia
2334 1275 2571 1336 quoque
2598 1273 2755 1316 nova
2776 1253 2971 1316 adifi-

1061 1355 1334 1414 ceretur!
1433 1354 1708 1416 Hostilia
1750 1374 1889 1415 cum
1936 1353 2142 1414 funere
2196 1351 2399 1414 clodii
2444 1355 2701 1424 arsimet,
2739 1351 2971 1412 dudum

1063 1449 1386 1510 hstuumta
1419 1451 1632 1512 fuerat.
1716 1449 1841 1512 Sed
1876 1449 2083 1512 eadem
2118 1469 2304 1529 nuper
2336 1457 2469 1508 eret
2502 1449 2713 1508 iterum
2745 1447 2971 1519 diruta,

1063 1548 1346 1626 magistro
1369 1549 1634 1627 equitum
1662 1547 1895 1628 Lepido
1924 1545 2213 1627 templum
2247 1545 2333 1606 ibi
2366 1545 2605 1606 dicente
2638 1543 2971 1606 aedificatu-

1065 1663 1192 1703 rum
1235 1643 1556 1704 Felicitati.
1639 1642 1925 1704 Ceterum
1966 1643 2033 1703 id
2070 1663 2150 1702 ea
2188 1662 2252 1702 re
2292 1651 2492 1704 actum
2538 1642 2861 1714 ferebamr,
2908 1652 2975 1704 ut

1066 1741 1204 1802 inde
1241 1761 1478 1822 quoque
1505 1741 1695 1822 Syllae
1720 1762 1935 1802 nomen
1962 1740 2289 1812 tolleretur,
2320 1749 2385 1800 et
2406 1760 2563 1802 uon
2588 1741 2673 1800 ibi
2698 1741 2871 1802 curia
2890 1761 2972 1802 ex

1065 1837 1466 1900 fundamentis
1491 1839 1709 1900 educta
1734 1838 1907 1899 Julia
1920 1837 2106 1899 fieret.
2170 1836 2696 1906 Quemadmodum
2720 1845 2785 1898 et
2806 1857 2975 1898 men·-

1067 1936 1148 1996 sis
1171 1935 1512 2016 appellatus
1543 1935 1622 1995 ab
1644 1955 1725 1996 eo
1744 1934 1963 2008 fuerat,
1986 1944 2051 1995 et
2072 1935 2333 1995 tribuum
2358 1953 2481 1996 uua
2502 1943 2663 1996 sorte
2684 1933 2873 1994 dueta
2894 1953 2974 1994 ex

1068 2034 1364 2096 omnibus.

1153 2135 1256 2190 34.
1297 2127 1409 2190 Ad
1453 2129 1584 2190 haec
1627 2129 1859 2199 datum,
1902 2139 1919 2164 ⁶
1956 2128 2045 2188 uti
2084 2127 2248 2190 solus
2290 2135 2724 2208 perpetuusque
2766 2147 2977 2188 censor

1071 2235 1264 2286 esset:
1305 2225 1487 2298 filius,
1513 2227 1638 2288 sive
1662 2235 1839 2288 natus
1870 2225 1953 2298 ei,
1986 2226 2113 2286 sive
2139 2225 2461 2306 adoptatus
2493 2224 2675 2296 foret,
2700 2224 2974 2305 pontifex

1071 2324 1370 2384 maximus
1398 2333 1717 2384 crearetur.
1800 2322 1935 2383 Pro
1960 2321 2157 2383 salute
2189 2325 2323 2404 ejus
2344 2331 2489 2382 vota
2508 2321 2833 2402 quotannis
2870 2321 2979 2383 fie-

1072 2429 1242 2480 rent:
1286 2440 1392 2500 per
1416 2421 1655 2498 genium
1680 2422 1813 2499 ejus
1818 2420 2119 2498 juraretm
2143 2439 2161 2480 t
2202 2419 2404 2481 omnia·
2424 2439 2561 2500 qum
2584 2419 2821 2498 egisset,
2846 2429 2981 2480 rata

1071 2517 1465 2576 haberentur:
1508 2525 1811 2578 senatores
1850 2524 2031 2596 atque
2070 2517 2303 2596 equites
2340 2515 2673 2578 custodiam
2716 2518 2981 2596 corporis

1071 2615 1208 2693 ejus
1247 2621 1523 2692 agerent:
1569 2612 2066 2693 Quinquenuulia
2102 2622 2385 2693 tanquam
2422 2613 2587 2674 heroi
2630 2621 2977 2692 egerentur:

1075 2708 1357 2790 Lupercis
1399 2710 1636 2771 tertium
1679 2710 2003 2790 collegium
2044 2709 2379 2782 adderetur,
2423 2709 2721 2770 Juliorum
2758 2729 2982 2788 cogno-

1073 2815 1313 2866 mento:
1353 2825 1592 2868 munere
1631 2805 1991 2887 gladiatorio
2024 2807 2082 2866 in
2112 2807 2284 2867 Urbe
2309 2815 2375 2887 et
2396 2827 2505 2888 per
2540 2805 2789 2866 Italiam
2830 2825 2983 2865 unus

1071 2903 1204 2964 dies
1229 2903 1458 2964 Coesari
1481 2904 1719 2965 dicatus
1740 2914 1929 2966 esset:
1972 2906 2033 2965 in
2058 2905 2307 2965 theat-is
2330 2903 2485 2964 sella
2518 2905 2653 2983 ejus
2684 2921 2891 2974 mea,
2920 2911 2985 2962 et

1075 3010 1375 3081 gemmata
1400 3000 1699 3084 radiisque
1726 2989 2013 3064 distinctu
2036 3021 2279 3074 corona,
2302 3001 2481 3062 sicuti
2502 3009 2833 3062 ceterorum
2852 2997 2981 3060 De·

1075 3117 1266 3170 orum,
1293 3096 1642 3159 inferretur.'
1724 3098 2045 3160 Postremo
2068 3101 2203 3178 jam
2227 3119 2345 3159 non
2378 3117 2487 3179 per
2524 3097 2833 3175 ambages,
2874 3095 2983 3156 sed

1077 3193 1386 3274 propalam
1425 3193 1725 3275 pulvinari
1762 3195 2007 3256 decreto
2048 3195 2089 3254 J
2092 3213 2262 3256 ovem
2302 3193 2531 3254 Julium
2578 3191 2983 3274 appellarunt,

1077 3291 1254 3369 eique
1293 3310 1464 3349 suum
1505 3293 1901 3353 attribuerunt
1933 3291 2255 3362 flaminem,
2293 3289 2649 3352 Antonium.
2732 3287 2877 3350 Nec
2910 3311 2984 3351 eo

1079 3388 1270 3448 minus
1311 3397 1596 3469 tunquam
1642 3390 1879 3450 mortali
1922 3390 2179 3471 sepulcri
2240 3389 2440 3450 locum
2491 3387 2784 3449 dederunt
2824 3389 2985 3450 iutra

1081 3485 1448 3566 pomoerium.
1531 3487 1618 3547 Et
1669 3489 1799 3548 haec
1846 3487 2093 3548 decretu
2145 3487 2335 3548 literis
2370 3488 2565 3548 aureis
2598 3487 2661 3544 in
2694 3485 2985 3546 columnis

1081 3582 1372 3660 argenteis
1407 3583 1751 3663 consignata
1792 3586 1907 3645 sub
1940 3585 2195 3666 pedibus
2225 3585 2555 3666 Capitolini
2588 3583 2763 3646 Jovis
2792 3583 2983 3645 collo·-

1081 3689 1387 3740 caverunt.

1162 3781 1263 3836 35.
1305 3774 1454 3835 Non
1480 3794 1576 3835 me
1601 3773 1763 3835 fallit
1784 3775 1877 3836 his
1892 3777 2423 3858 commemorandis
2442 3777 2649 3839 lectori
2672 3799 2767 3839 me
2790 3779 2985 3840 simile

1081 3873 1388 3934 fastidium
1439 3891 1833 3952 comparasse,
1878 3883 2059 3954 atque
2096 3895 2209 3954 ego
2250 3877 2671 3956 cognoscendis
2712 3875 2981 3956 digeren-

1083 3971 1294 4050 disque
1335 3970 1513 4030 subii.
1597 3969 1721 4030 Sed
1760 3969 1976 4031 referre
2018 3973 2267 4044 credidi,
2308 3993 2384 4033 ue
2418 3993 2625 4054 parum
2666 3972 2985 4052 diligenter

1085 4071 1202 4129 ista
1223 4065 1614 4137 traderentur,
1641 4087 1763 4146 quo
1798 4069 1910 4128 sub
1938 4069 2155 4130 illustri
2178 4069 2533 4131 documento
2566 4070 2765 4151 palem
2792 4069 2981 4142 fieret,

1086 4166 1146 4225 in
1172 4172 1456 4245 quantum
1483 4165 1740 4223 insanire
1766 4185 1984 4244 magna
2008 4167 2245 4244 ingenia
2271 4168 2516 4248 possint,
2536 4167 2767 4248 quoties
2792 4187 2981 4248 popu-

1089 4262 1301 4321 larium
1341 4279 1558 4319 vocum
1612 4260 1937 4340 puerilibus
1988 4262 2440 4324 oblectamentis
2484 4265 2542 4322 in
2592 4273 2980 4325 transversum

1090 4367 1249 4428 acta,
1293 4356 1473 4415 semel
1515 4375 1554 4415 a
1590 4377 1729 4416 vero
1756 4357 1958 4436 glorioe
1996 4359 2204 4419 itinere
2239 4359 2619 4422 diverterunt.
