3300 5234
796 636 1005 687 mum
1055 638 1182 687 cx.
1225 637 1872 691 surrmmewrum.
2278 625 2454 691 51⁷9

226 780 413 851 Quod
438 782 543 843 nbi
568 789 797 861 tempus
822 780 1087 855 advenit,
1124 780 1425 844 Caesarem
1462 802 1602 844 cum
1635 784 1908 844 omnibus
1937 782 2140 865 copiis

224 878 593 941 retrocedere
618 878 913 950 viderunt,
948 888 1237 959 tanquam
1274 878 1541 941 Ilerdam
1564 878 2126 942 rev'erteretur.1d
2181 882 2400 934 Frontis

226 986 467 1057 propter
498 977 759 1058 inopiam
790 973 919 1037 fieri
957 984 1316 1057 reputantes,
1354 975 1513 1057 quod
1556 978 1682 1037 sine
1702 978 1994 1057 jumentis
2019 978 2128 1039 in·
2154 955 2287 1065 ἓξ

224 1072 695 1155 pedimentisque
735 1072 1065 1155 profectum
1108 1072 1682 1144 animadverterant·
1727 1073 1850 1135 laeti
1891 1094 2132 1157 procur-

226 1170 436 1231 rebant
456 1190 537 1231 ex
560 1170 791 1241 eastris,
828 1170 1387 1251 contumeliosisque
1420 1170 1668 1233 vocibus
1692 1170 1971 1232 Juliunos
1997 1190 2132 1253 pro·

226 1266 641 1347 sequebantur.
724 1264 847 1327 Sed
887 1266 1012 1327 alia
1050 1266 1229 1347 longe
1266 1286 1433 1327 mens
1465 1266 1696 1328 Oaesari
1730 1266 1880 1329 fuit:
1923 1268 2028 1349 qui
2055 1267 2133 1329 ad

228 1362 728 1445 pmoccupandos
764 1370 993 1423 montes
1026 1361 1330 1437 festinans,
1372 1364 1519 1445 quia
1554 1364 1768 1425 cestris
1805 1364 2132 1427 adversari-

228 1479 395 1519 orum
422 1458 771 1541 praelusum
794 1460 909 1520 iter
930 1467 1082 1531 erat,
1114 1480 1221 1541 per
1244 1468 1603 1522 transversas
1625 1460 1818 1522 valles
1841 1471 1905 1522 et
1927 1481 2139 1543 aspera

226 1577 376 1619 saxa
402 1558 760 1629 enitebatur,
800 1565 870 1618 ut
906 1557 1001 1617 his
1026 1558 1317 1640 superatis
1340 1557 1501 1618 haud
1528 1558 1708 1639 longo
1731 1560 2042 1621 circumitu
2073 1561 2132 1619 in

224 1654 589 1715 doetinatam
632 1662 861 1735 partem
906 1652 1186 1715 flecteret.
1268 1652 1349 1715 Id
1392 1653 1496 1715 ubi
1529 1662 1622 1715 est
1667 1656 1746 1717 ab
1787 1656 2140 1718 Afranianis

230 1748 725 1822 animadversum,
768 1758 891 1811 tam
934 1752 1133 1830 segnis
1170 1770 1345 1811 neno
1378 1750 1515 1823 fuit,
1557 1753 1700 1833 quin
1741 1752 1932 1813 effuso
1965 1774 2138 1815 cursu

228 1848 469 1909 eosdem
504 1848 791 1930 petendos
828 1868 955 1909 esse
998 1858 1228 1909 montes
1252 1856 1505 1935 putaret.
1590 1850 1686 1911 Eo
1725 1872 1819 1911 res
1861 1861 1992 1912 erat
2028 1851 2136 1913 de-

228 1946 439 2019 ductu,
472 1953 567 2018 ut,
598 1946 650 2007 si
684 1947 1059 2028 praeveniaeet
1088 1945 1317 2018 cmm,
1356 1948 1559 2009 omnia
1590 1949 1652 2009 in
1688 1950 1818 2028 ejus
1843 1957 2142 2031 potestate

228 2052 429 2104 essent
440 2042 670 2105 futura:
698 2051 1031 2125 praeventus
1052 2044 1131 2105 ab
1147 2043 1437 2116 hostibus,
1464 2044 1900 2127 impedimentis
1917 2056 2138 2117 tamen,

230 2151 293 2202 et
312 2141 659 2203 cohortibus
677 2161 812 2222 quae
832 2141 893 2201 in
910 2140 1121 2203 castris
1142 2160 1347 2203 eorum
1370 2153 1539 2205 erant
1562 2143 1807 2216 relictae,
1835 2144 2139 2226 potiretur.

233 2240 309 2300 In
334 2240 801 2301 hancei-tamine
824 2236 1149 2299 celeritatis
1173 2238 1471 2301 Caessrem
1503 2240 1884 2303 difficultates
1916 2242 2142 2304 viarum

230 2338 393 2401 male
418 2337 763 2409 habebantg
808 2335 1101 2398 Afranius
1124 2346 1187 2398 et
1211 2336 1489 2401 Petreius
1514 2358 1617 2419 per
1636 2339 1891 2400 Caesaris
1915 2342 2146 2420 equites

231 2434 731 2517 impediebantur.
787 2420 949 2495 Hae‘c
968 2432 1265 2495 molestior
1277 2454 1443 2495 mora
1456 2434 1599 2495 fuit:
1620 2437 1900 2518 priorque
1917 2436 2143 2508 Caesar,

228 2535 445 2594 itinere
462 2532 761 2605 confecto,
802 2530 991 2593 aeie-
1016 2532 1075 2591 in
1103 2531 1348 2613 planitie
1374 2534 1526 2593 inter
1550 2552 1796 2613 magnus
1829 2554 2006 2616 rupes
2027 2536 2145 2595 sita

230 2630 477 2693 struxit.

312 2732 425 2787 26.
464 2724 758 2786 Afranius
808 2745 847 2785 a
890 2723 1153 2785 Juliauis
1194 2745 1259 2785 se
1302 2726 1771 2787 circumventum
1814 2725 2040 2799 videns,
2079 2728 2142 2791 iu

232 2824 395 2887 colle
444 2821 707 2905 quodam
748 2823 1056 2892 constititz
1120 2823 1462 2903 omissisque
1505 2824 1846 2885 cohortibus
1887 2826 2146 2885 cetratis

233 2932 521 3005 quatuor,
546 2912 803 2982 montem
826 2920 932 3000 qui
970 2929 1099 2981 erat
1136 2920 1197 2979 in
1234 2930 1558 3003 conspectu
1582 2920 2012 2981 excelsissimus
2039 2942 2142 2983 oc-

234 3021 449 3101 cupari
464 3020 671 3099 jussit,
696 3026 893 3079 castra
920 3017 1005 3077 ibi
1038 3017 1348 3099 positurus.
1434 3016 1559 3078 Sed
1592 3020 1825 3079 caetrati
1861 3019 1942 3080 ab
1975 3020 2150 3100 equi-

236 3126 369 3177 tatu
406 3116 669 3177 Caesaris
700 3114 781 3177 ad
818 3134 1001 3175 uuum
1036 3134 1247 3176 omnes
1266 3112 1715 3176 interficiuntur.
1799 3113 1946 3177 Hoc
1984 3115 2154 3177 fecto

238 3212 553 3297 pugnandi
600 3211 933 3295 cupiditate
981 3211 1240 3273 Coesaris
1282 3212 1473 3293 copiae
1524 3210 1949 3284 accenduntur,
1997 3232 2148 3294 prse-

240 3312 513 3393 linmque
562 3308 905 3393 postulantt
972 3310 1023 3369 si
1066 3310 1197 3371 brec
1247 3308 1732 3390 praetermittatur
1775 3311 2033 3381 occasio,
2085 3328 2152 3370 se

240 3418 475 3491 postea,
502 3428 639 3469 cum
666 3406 873 3468 Cesar
897 3405 1103 3477 vellet,
1128 3426 1249 3466 nou
1278 3426 1407 3467 esse
1438 3413 1798 3486 pugnaturos
1833 3408 2148 3468 minantur.

244 3509 459 3569 Caesar
499 3515 699 3567 tamen
732 3524 925 3585 neque
964 3524 1104 3565 suos
1136 3504 1397 3584 objicere
1431 3503 1775 3565 vulneribus
1797 3513 1862 3565 et
1884 3504 2158 3585 periculo

242 3604 479 3675 volens,
526 3622 723 3681 neque
761 3602 925 3663 cives
969 3599 1262 3672 occidere,
1307 3599 1523 3679 quibus
1563 3600 1940 3663 clementiam
1983 3622 2152 3661 suam

242 3700 531 3763 omnibus
550 3696 743 3759 modis
776 3698 1105 3779 approbare
1140 3695 1440 3769 studebat,
1468 3696 1753 3757 abstinuit
1785 3698 1930 3779 prael
1938 3698 2017 3769 io,
2057 3698 2152 3772 fu-

243 3808 441 3859 turum
472 3815 737 3878 sperans,
764 3802 833 3856 ut
864 3796 991 3855 sine
1032 3814 1233 3875 pugna
1266 3793 1491 3855 bellum
1524 3792 1870 3867 conficeret,
1906 3796 2065 3875 quod
2091 3805 2154 3857 et

245 3916 407 3977 aqna
428 3903 500 3957 et
522 3914 587 3954 re
610 3893 999 3953 frumentaria
1022 3892 1223 3953 hostes
1244 3890 1670 3953 intercluserat.
1742 3892 1940 3973 Igitur
1957 3904 2154 3954 castra

246 4014 431 4075 quum
472 3992 743 4074 proxime
786 3991 1017 4052 hostem
1054 3990 1289 4072 posuit:
1350 4000 1417 4051 et
1458 3990 1738 4071 postridie
1781 4010 1916 4050 cum
1963 3988 2155 4051 Pom-

246 4092 447 4173 peiani
482 4088 823 4171 frequentes
858 4098 1143 4170 aquatum
1179 4088 1523 4160 exivissent,
1564 4089 1822 4149 immisso
1858 4090 2154 4169 equitatu,

248 4188 401 4248 nibil
440 4187 533 4247 eis
560 4194 755 4249 tutum
794 4194 901 4246 aut
936 4184 1326 4266 mquillum
1358 4204 1485 4245 esse
1520 4206 1728 4265 passus
1765 4192 1876 4247 est.
1972 4184 2068 4245 Ea
2091 4206 2164 4246 re

246 4286 519 4365 cognita,
546 4281 839 4344 Afranius
862 4290 1039 4363 atque
1067 4281 1349 4343 Petreius
1384 4282 1447 4342 id
1478 4282 1710 4344 consilii
1734 4284 2001 4365 capiunt,
2027 4292 2095 4343 ut
2120 4304 2160 4343 a

250 4382 417 4444 vello
440 4380 525 4442 ad
554 4400 773 4462 aquarn
797 4380 1057 4441 brachiis
1080 4379 1297 4452 ductis,
1325 4382 1706 4461 aquationem
1731 4380 2076 4462 expediant.

330 4486 437 4545 27.
482 4478 695 4558 11qu
716 4479 913 4561 operis
931 4496 1113 4542 eausa
1130 4496 1267 4541 cum
1294 4475 1525 4556 longius
1540 4475 1720 4559 poulo
1736 4476 2162 4552 discessissent,
