3300 5234
786 512 965 581 5176

1033 2691 1049 2705 .
1112 2637 1377 2707 pastores
1406 2618 1813 2688 L.'Domitius
1839 2627 1896 2686 in
1924 2646 2108 2688 naves
2133 2627 2516 2707 imposuerat,
2541 2627 2594 2686 si
2617 2627 2770 2687 bene
2793 2634 2862 2687 et
2883 2646 3036 2706 gna·
3155 2686 3166 2701 ,

1759 536 1830 583 Τ.
1877 534 2068 585 lell

1111 674 1305 738 fectus
1328 676 1535 739 Cur
1556 678 1742 739 carris
1767 678 2006 758 junctis
2039 690 2216 739 noctu
2259 676 2337 741 ad
2375 678 2566 741 millia
2599 700 2874 762 passuum
2899 680 3026 743 dno

1110 783 1179 837 et
1216 775 1431 855 viginti
1470 793 1510 834 a
1540 775 1752 836 castris
1789 774 2102 857 deportat:
2143 776 2348 856 ibique
2381 777 2636 839 militum
2673 778 2876 859 aliquo
2915 796 3026 837 nn·

1114 890 1278 935 mero
1302 874 1557 951 trajecto
1578 873 1982 934 continentem
2013 874 2162 956 ripoe
2199 874 2416 936 collem
2459 878 2804 947 communiit,
2835 878 3028 958 prius-

1112 990 1293 1050 quam
1318 968 1639 1031 adversarii
1665 988 1790 1031 rem
1815 982 2260 1051 eognoseerent.
2345 972 2442 1033 Eo
2465 982 2676 1054 postea
2698 976 3030 1035 transducit

1114 1066 1426 1147 legionem,
1470 1077 1536 1128 et
1572 1076 1825 1148 utraque
1857 1069 1990 1150 ripa
2027 1070 2277 1151 potitus,
2313 1080 2554 1152 pontem
2583 1072 2712 1133 siue
2753 1071 3033 1131 molestia

1114 1162 1351 1246 perficit
1383 1164 1592 1226 biduo.
1675 1162 1782 1225 Sic
1825 1164 1904 1226 ad
1945 1186 2085 1227 eum
2119 1157 2622 1249 perveniuntqui
2659 1188 2740 1228 ex
2781 1168 3034 1229 Gallice

1112 1263 1397 1323 comitatu
1420 1272 1756 1333 evaserant,
1781 1264 2002 1344 quique
2029 1264 2428 1326 frumentandi
2463 1286 2652 1326 musa
2673 1265 2926 1347 profecti
2948 1286 3030 1327 ex

1114 1358 1405 1441 primibus
1428 1360 1639 1421 castris
1667 1358 1922 1421 fuerant.
2009 1360 2242 1422 Eodem
2265 1361 2366 1422 die
2403 1362 2746 1423 &ammittit
2773 1364 3031 1443 equites,

1114 1463 1179 1515 et
1202 1476 1309 1537 per
1333 1458 1443 1518 hos
1466 1459 1788 1518 maximam
1815 1458 2122 1519 hominum
2146 1461 2666 1541 jumentorumque
2691 1460 3033 1521 multitudi-

1114 1572 1273 1625 nem,
1298 1574 1435 1635 qum
1470 1554 1824 1635 pabulatum
1861 1574 2098 1634 egressa
2129 1556 2348 1629 fuerat,
2387 1558 2713 1639 intercipit,
2739 1567 2804 1617 et
2825 1558 2906 1618 de
2931 1579 3034 1619 ce-

1112 1653 1283 1711 tratis
1312 1652 1678 1723 cohortibus,
1714 1672 1850 1733 quae
1883 1652 2150 1713 subsidio
2185 1654 2308 1715 suis
2335 1663 2642 1725 venerant,
2677 1674 2857 1715 unam
2899 1656 3034 1717 lon-

1112 1748 1243 1827 gius
1266 1758 1707 1829 procurrentem
1731 1749 1990 1811 secludit
2011 1772 2052 1811 a
2075 1750 2322 1833 reliquis
2346 1762 2528 1833 atque
2551 1751 2733 1813 delet.
2807 1753 2915 1815 Ita
2939 1776 3034 1816 res

1110 1846 1500 1908 frumentaria
1523 1848 1815 1928 paulatim
1831 1851 1860 1881 ²
1886 1848 2224 1929 expeditur.

1192 1950 1295 2005 19.
1352 1942 1589 2004 Eodem
1640 1952 1906 2026 tempore
1955 1944 2038 2005 D.
2086 1942 2315 2007 Brutus
2365 1945 2775 2007 Massilienses
2825 1947 3035 2007 navali
3107 1938 3118 1957 ⁸

1112 2040 1319 2123 praelio
1346 2041 1511 2103 vicit.
1598 2042 1834 2121 longas
1867 2043 1962 2103 illi
1987 2042 2322 2103 habuerant
2359 2042 2807 2123 septemdecim,
2835 2062 2872 2103 e
2897 2046 3034 2123 qui-

1040 2174 1059 2190 ·
1110 2139 1223 2199 bus
1246 2146 1417 2199 erant
1444 2137 1724 2199 undecim
1747 2148 1946 2200 teetoe.
2031 2138 2158 2199 His
2195 2140 2507 2221 complura
2539 2140 2766 2202 minora
2789 2141 3040 2219 navigia

1112 2235 1488 2309 addiderant,
1540 2246 1828 2297 terrorem
1893 2238 2028 2319 ipsa
2087 2239 2288 2319 specie
2341 2237 2736 2297 multitudinis
2785 2238 3036 2301 illaturi.

1114 2333 1325 2395 Inerat
1366 2352 1615 2412 magnus
1657 2334 2095 2413 sagittariorum
2133 2354 2432 2406 numerus,
2481 2354 2728 2413 magnus
2774 2334 3035 2396 Albico-

1110 2452 1263 2505 rum,
1287 2432 1395 2513 qui
1430 2452 1611 2513 supra
1638 2430 1976 2491 Massiliam
2015 2432 2306 2505 ineolunt,
2329 2440 2676 2493 montanum
2697 2430 3036 2515 durumque

1110 2550 1317 2610 genus,
1354 2538 1418 2590 et
1461 2530 1858 2590 exercitatum
1897 2530 1960 2589 in
1995 2530 2192 2590 armis.
2277 2527 2434 2589 Suos
2461 2548 2700 2611 quoque
2729 2550 2934 2591 servos
2973 2540 3038 2591 et

1108 2726 1261 2784 viter
1296 2746 1359 2785 se
1406 2734 1700 2805 gererent,
1741 2724 2022 2785 libertate
2063 2725 2369 2805 promissa.
2455 2722 2682 2785 Brutus
2721 2726 3038 2805 pauciores

1110 2821 1351 2902 quidem
1406 2843 1589 2883 naves
1638 2822 1923 2895 ducebat,
1973 2822 2079 2883 sed
2125 2822 2432 2894 firmiores,
2485 2821 2724 2885 delecto
2767 2826 3034 2886 virorum

1017 2922 1025 2928 ’
1110 2919 1319 2979 robore
1345 2918 1623 3001 repletas.
1711 2918 1953 3001 Quippe
1981 2919 2188 2981 Oaesar
2211 2918 2560 2980 fortissimos
2583 2939 2664 2979 ex
2693 2920 3031 2999 antesigna-

1110 3017 1203 3076 nis
1226 3016 1548 3097 leg-ionum,
1576 3017 1641 3078 id
1679 3018 1940 3079 muneris
1979 3026 2309 3100 poscentes,
2347 3018 2408 3077 in
2443 3017 2696 3078 classem
2733 3018 3032 3099 imposue-

1108 3124 1222 3174 rat.
1306 3112 1501 3195 Igitur
1529 3115 1595 3176 hi
1632 3110 1844 3176 virtuti
1877 3112 2266 3187 confidentes,
2299 3124 2366 3176 et
2395 3115 2544 3195 quia
2575 3113 2886 3175 celeritate
2923 3134 3036 3176 na-

1108 3211 1271 3272 vium
1296 3220 1359 3271 et
1383 3220 1508 3273 arte
1542 3212 2000 3291 gubernatorum
2021 3213 2432 3283 vincebantur,
2459 3212 2725 3273 manicas
2755 3222 2821 3273 et
2846 3232 3034 3274 uneos

1110 3317 1539 3389 praepararunt,
1566 3309 1786 3391 quibus
1809 3310 2066 3371 hostium
2091 3316 2276 3371 naves
2297 3309 2640 3370 retinerent.

1189 3410 1291 3466 20.
1338 3402 1801 3467 Massiliensium
1841 3426 1918 3467 ea
1951 3408 2108 3467 ratio
2141 3405 2280 3478 fuit,
2307 3415 2396 3478 ut,
2423 3405 2614 3467 donec
2640 3403 2872 3476 liceret,
2899 3424 3032 3467 ma-

1110 3500 1320 3561 ritimis
1344 3502 1569 3561 artibus
1594 3511 1932 3572 uterentur:
1972 3504 2206 3585 quoties
2231 3502 2582 3585 deprehensi
2605 3510 2822 3574 essent,
2851 3505 3034 3565 armis

1108 3606 1517 3657 montanorum
1562 3596 1836 3672 fiderent,
1873 3601 1977 3681 qui
2015 3620 2134 3661 non
2177 3598 2432 3661 multum
2471 3598 2776 3659 inferiores
2810 3600 3034 3661 virtute

972 3685 977 3695 “
1110 3688 1404 3755 Romanis
1426 3704 1617 3757 erant.
1701 3696 1896 3777 Igitur
1919 3706 2054 3779 post
2077 3718 2274 3758 acrem
2299 3716 2584 3779 pugnam,
2609 3714 2746 3757 cum
2773 3695 3034 3774 singulae

784 4188 935 4245 Infra.
952 4192 1081 4239 mse.

1106 3786 1292 3851 ferme
1314 3791 1613 3854 Βοωειιιω
1629 3814 1834 3865 naves,
1854 3795 2014 3855 binis
2037 3794 2348 3855 hostilibus
2367 3792 2688 3875 prebende,
2709 3793 2772 3852 in
2799 3800 3036 3853 utrum-

1106 3906 1225 3967 que
1253 3886 1411 3948 latus
1434 3888 1786 3951 dimicarent
1803 3912 1821 3961 3
1843 3892 1944 3952 bic
1967 3910 2184 3973 pugnoe
2199 3890 2316 3951 fuit
2329 3892 2549 3961 exitus,
2577 3897 2648 3950 ut
2668 3908 2892 3968 magno
2907 3889 3034 3949 Al-

1108 3985 1375 4045 bicorum
1398 3994 1462 4046 et
1484 3995 1790 4067 pastorum
1815 3989 2030 4050 amisso
2055 4008 2320 4060 numero,
2352 3986 2813 4049 Massiliensium
2845 4006 3036 4047 naves

1106 4092 1455 4162 caperentur
1496 4092 1605 4144 aut
1648 4083 2116 4166 deprimerentur
2163 4105 2398 4148 novem.
2497 4084 2736 4147 Nescio
2780 4102 2858 4143 an
2906 4084 3036 4146 {sto

1111 4178 1340 4259 praelio,
1362 4180 1481 4259 (bis
1504 4182 1664 4242 enim
1691 4192 2015 4265 pugnatum
2041 4192 2132 4244 est
2155 4184 2494 4261 classibus,)
2517 4181 2809 4243 illo'certe
2835 4180 3032 4257 bello,

1684 4394 1718 4440 2
1753 4390 1998 4442 Privatim
2019 4391 2144 4445 edd.
2163 4400 2286 4445 unte
2309 4394 2465 4446 Crev.
