3300 5234
722 551 901 618 5⁰44

759 1096 867 1147 cic.
888 1113 974 1162 pro

724 1159 807 1210 ‘Do
776 1178 931 1212 0.m.c
948 1169 1028 1216 1⁵.

720 1226 857 1280 Plut.

756 2157 863 2210 cie.
886 2159 951 2210 de

722 2224 825 2272 Har
804 2223 1011 2291 rUResp

720 2304 767 2338 c.
786 2294 869 2340 24.

756 2353 817 2403 ci
802 2369 865 2404 nc
881 2352 1025 2413 adQ.

720 2417 913 2468 fratr-1

1680 568 1749 614 Τ.
1796 565 1990 615 mvn

1048 710 1329 782 domum3
1372 709 1519 772 nihil
1546 719 1756 793 postea
1779 720 1904 772 tam
1929 731 2108 790 grave
2133 717 2239 770 aut
2261 709 2750 772 contumeliosum
2783 709 2953 772 dictu

1049 807 1335 892 factuque
1359 808 1494 882 fuit,
1528 808 1692 890 quod
1717 829 1836 870 non
1861 809 2012 870 alter
2041 811 2104 869 in
2137 808 2392 870 alterum
2415 817 2746 870 conaretur.
2829 807 2956 868 Sed

1050 905 1113 966 in
1150 915 1385 980 senatu,
1420 927 1555 968 cum
1596 906 1674 967 de
1710 907 1930 967 tabulis
1966 906 2248 968 detractis
2287 906 2542 968 Clodius
2575 917 2951 987 quereretur:

1052 1001 1267 1064 Cicero
1316 1005 1680 1066 tribunatum
1734 1003 1936 1064 Clodii
1987 1012 2179 1065 totum
2223 1003 2482 1075 tolleret,
2534 989 2696 1084 quod
2745 1013 2956 1066 eontra
2987 1011 2990 1014 ’

1050 1100 1315 1180 auspicia
1352 1109 1509 1162 esset
1546 1100 1886 1182 adoptatus,
1923 1102 2223 1162 tribunum
2249 1101 2442 1182 plebis
2479 1101 2656 1162 fuisse
2691 1121 2952 1182 aeguum

1051 1217 1371 1278 exsurgens
1396 1197 1557 1258 Cato
1578 1207 1597 1234 ‘
1628 1197 1782 1259 nihil
1811 1217 1850 1258 a
1890 1196 2110 1258 Clodio
2133 1208 2294 1260 recte
2320 1207 2502 1278 atque
2531 1198 2736 1260 ordine
2761 1199 2822 1260 in
2847 1200 2953 1258 tri-

1051 1294 1279 1357 bunatu
1325 1305 1556 1374 gestum
1606 1315 1734 1355 esse
1754 1296 1772 1324 '
1815 1295 2230 1374 pronuntiavit.
2314 1304 2332 1332 ⁶
2381 1295 2686 1368 Ceterum,
2723 1297 2773 1356 ni
2815 1305 2958 1356 acta

1048 1394 1181 1471 ejus
1204 1392 1628 1463 rescindantur,
1657 1393 1838 1453 etiam
1863 1413 1999 1474 quae
2027 1395 2150 1473 ipse
2175 1394 2238 1453 in
2263 1392 2532 1474 Cyprico
2547 1395 2782 1472 negotio
2799 1395 2954 1473 egis-

1048 1499 1141 1549 set
1164 1489 1439 1561 rescindi,
1464 1509 1601 1550 eum
1626 1509 1705 1550 ex
1744 1493 1878 1569 ejus
1917 1491 2138 1551 tribuni
2177 1492 2312 1570 lege
2349 1491 2556 1552 missus
2591 1492 2652 1550 in
2680 1490 2952 1573 Cyprum

1049 1595 1225 1657 esset,
1274 1588 1380 1667 qui
1415 1587 1648 1666 legibus
1688 1589 1954 1649 tribunus
1997 1609 2124 1650 esse
2169 1609 2286 1650 non
2329 1590 2630 1671 potuiaeet.
2713 1588 2956 1649 Justum

1048 1682 1229 1744 immo
1282 1685 1583 1745 tribunum
1622 1685 1826 1758 fuisse,
1869 1687 1972 1767 qui
2006 1688 2228 1748 exisset
2265 1686 2341 1747 de
2378 1687 2642 1768 patriciis
2689 1685 2820 1765 lege
2845 1707 2952 1748 cu-

1048 1781 1225 1852 riata,
1278 1782 1617 1863 priusquam
1665 1784 2030 1844 tribunatum
2071 1785 2316 1866 petisset
2351 1782 2722 1866 adeptusque
2759 1784 2953 1844 esset!

1050 1877 1152 1938 Ex
1178 1898 1253 1939 ea
1274 1898 1457 1940 causa
1496 1879 1730 1941 refrixit
1763 1880 2059 1962 paulisper
2093 1884 2250 1942 inter
2289 1881 2583 1943 Catonem
2624 1890 2806 1961 atque
2845 1880 2955 1942 ci-

1043 1993 1314 2036 ceronem
1339 1977 1497 2057 prior
1518 1977 1802 2039 dilectio:
1845 1997 1962 2038 non
1988 1978 2066 2038 ad
2093 1977 2404 2039 manifesta
2425 1986 2624 2040 tamen
2662 1977 2824 2050 odia,
2849 1977 2956 2038 sed

1047 2079 1115 2131 ut
1138 2091 1245 2153 per
1268 2071 1512 2183 aiiquod
1537 2083 1770 2156 tempus
1793 2083 2003 2136 mutua
2024 2075 2388 2136 consuetudo
2411 2075 2912 2136 intermitteretur.

1127 2175 1231 2233 8⁷.
1274 2166 1399 2230 His
1422 2170 1752 2252 principum
1776 2171 2083 2232 discordiis
2105 2189 2244 2233 cum
2267 2180 2400 2233 tota
2433 2172 2649 2234 civitas
2685 2181 2750 2232 et
2785 2171 2956 2252 plebs

1048 2265 1465 2339 involveretur,
1490 2277 1623 2329 erat
1644 2269 1830 2328 etiam
1858 2268 2122 2350 alioquin
2159 2268 2504 2330 exulcerato
2541 2269 2738 2330 animo
2777 2287 2953 2350 prop-

1048 2371 1141 2424 ter
1160 2363 1473 2424 caritatem
1496 2384 1768 2438 annonae,
1796 2385 1932 2446 quoe
1959 2365 2102 2427 licet
2137 2385 2282 2426 cura
2318 2365 2602 2476 Pompeii
2635 2366 2954 2426 sustinere-

718 2425 1026 2560 Ριμιροζρ
1047 2467 1164 2532 tur,
1190 2471 1391 2520 tamen
1430 2461 1512 2520 ob
1544 2461 1916 2522 sterilitatem
1955 2481 2251 2541 agrorum,
2293 2471 2355 2522 et
2393 2463 2655 2543 inopiam
2694 2445 2953 2541 frugum,

721 2547 861 2664 Dgic.
881 2613 943 2663 ad

720 2677 784 2742 Q.
806 2677 957 2727 Fratr.

718 2743 838 2793 Dio.

754 2808 861 2857 Cic.
876 2806 939 2856 de

1046 2558 1307 2618 nondum
1331 2577 1471 2618 sane
1508 2558 1842 2620 laxaverat.
1927 2558 2002 2619 In
2028 2578 2212 2618 causa
2235 2567 2364 2618 erat
2389 2559 2754 2639 potissimum
2779 2578 2952 2619 num-

1046 2655 1249 2715 mariae
1274 2657 1359 2714 rei
1384 2653 1724 2727 difficultas,
1753 2655 1916 2734 quod
1951 2654 2308 2716 factionibus
2342 2655 2670 2736 potentium
2694 2655 2950 2716 decretoe

1046 2771 1233 2833 nuper
1258 2751 1506 2824 omri,
1546 2751 1902 2833 Pisonique‚
1947 2763 2010 2812 et
2046 2751 2314 2813 Gabinio
2357 2754 2636 2813 maximae
2683 2753 2951 2834 pecuniae

720 2870 861 2921 Ρη..
878 2873 1021 2922 eom,
1045 2848 1313 2907 aerarium
1336 2848 1756 2910 exhauserunt.

718 2951 763 2984 ⁴²·
790 2941 869 2987 ¹¹·
892 2945 945 2986 θ*
967 2938 1022 2987 in
1125 2953 1227 3006 88.
1272 2944 1511 3006 Idcirco
1558 2945 1760 3006 Nonis
1812 2945 2144 3026 Aprilibus
2171 2945 2468 3008 difficilior
2520 2948 2826 3029 acriorque
2871 2949 2950 3009 de

664 3037 667 3040 -
718 3001 987 3053 Piso-1⁶.

751 3065 945 3116 Cic-ad

720 3129 784 3188 Q.
806 3131 962 3182 Fratr.

752 3195 940 3246 cheud

719 3259 988 3314 rmus.

583 3437 590 3444 ·
752 3421 856 3474 Cic.
877 3424 941 3473 de

718 3487 836 3551 Leg.
858 3489 978 3554 Agr.

719 3567 783 3602 11.
806 3557 887 3603 29.

750 3815 855 3868 Cic.
877 3817 939 3866 nd

716 3879 781 3937 Q.
802 3881 953 3933 Fratr-

718 3961 782 3996 ιι.
806 3951 851 3996 1.

749 4107 854 4160 Cic.
874 4109 939 4158 ad

714 4173 846 4225 Fam.
884 4173 997 4222 Dio.

1042 3050 1171 3102 tota
1208 3061 1271 3110 re
1308 3042 1664 3122 disceptatio
1687 3041 1822 3103 fuit.
1906 3041 2012 3114 Et,
2037 3063 2196 3114 cum,
2222 3042 2461 3104 decreto
2487 3042 2566 3103 ad
2593 3043 2948 3106 frumentum

1040 3139 1431 3200 εοὲιιιιιιιᾶιιιιι
1472 3139 2000 3220 quadringenties,¹
2011 3143 2078 3186 ¹⁴¹
2117 3141 2362 3220 publica
2388 3151 2704 3222 paupertas
2728 3141 2806 3202 de
2841 3163 2948 3203 va-

1042 3235 1146 3296 riis
1184 3237 1358 3298 rebus
1402 3237 1824 3310 admonuisset,
1866 3236 2091 3300 factum
2136 3247 2226 3298 est
2269 3239 2841 3300 senatusconsultum
2884 3241 2946 3301 in

1042 3335 1392 3394 sententiam
1434 3333 1767 3406 Ciceronis,
1829 3343 1847 3371 ⁶
1867 3336 1956 3396 uti
1999 3335 2077 3395 de
2118 3355 2262 3414 agro
2303 3334 2616 3417 Campano
2655 3335 2950 3418 frequenti

1042 3438 1249 3490 senatu
1275 3430 1489 3492 Idibus
1516 3429 1702 3491 Maiis
1727 3429 2039 3493 referretur
2057 3433 2099 3502 ς’
2141 3433 2244 3514 qui
2269 3433 2532 3494 revocari
2569 3452 2704 3492 eum
2731 3433 2810 3494 ad
2841 3436 2952 3514 jus

1042 3526 1349 3607 publicum
1388 3529 1734 3607 gravissima
1771 3529 2036 3590 oratione
2067 3531 2347 3608 jusserat,
2391 3541 2502 3591 ‘eo
2543 3550 2660 3590 uno
2687 3531 2948 3590 omnium

1040 3623 1365 3685 certissimo
1388 3624 1691 3704 vectigali,
1735 3625 2062 3686 subsidium
2102 3624 2266 3698 belli,
2313 3628 2582 3687 horreum
2623 3627 2947 3706 legionum,

1038 3720 1315 3782 solatium
1356 3741 1603 3783 anuonae
1636 3723 1922 3782 contineri
1939 3723 1956 3751 ⁹
1997 3720 2420 3786 demonstrans.
2505 3722 2778 3784 Eandem
2803 3743 2948 3784 cau-

1040 3837 1167 3877 sam
1210 3817 1291 3877 P.
1337 3816 1615 3880 Rutilius
1657 3819 1858 3900 Lupus
1897 3820 2172 3881 tribunus
2219 3819 2415 3901 plebis
2463 3823 2730 3900 urgebat.
2817 3821 2948 3888 Qui

1040 3915 1234 3996 priore
1264 3917 1401 3995 jam
1436 3937 1617 3988 anno,
1652 3916 1826 3977 simul
1853 3917 2055 3979 inisset
2077 3918 2460 3992 tribunatum,
2488 3918 2567 3979 de
2589 3939 2734 3999 agro
2761 3919 2947 3980 Gam-

1042 4031 1198 4092 pano
1223 4023 1495 4074 accurate
1522 4015 1583 4075 in
1608 4023 1820 4075 senatu
1845 4023 2066 4094 egerat.

1122 4116 1223 4170 89.
1264 4107 1443 4171 Nihil
1484 4131 1558 4171 ea
1598 4131 1664 4172 re
1689 4113 1911 4172 moveri
1939 4121 2080 4173 tuuc
2117 4111 2312 4174 adhuc
2341 4113 2672 4195 Pompeius
2695 4114 2945 4177 videba-

1530 4281 1593 4330 11
1632 4279 2010 4344 Quadringentis
2028 4279 2150 4335 edd.
2174 4287 2300 4332 ante
2323 4281 2479 4332 Crev-

1810 4415 2184 4440 ΟΜΝΗ,

1310 4523 1335 4558 ·Ι
1370 4509 1799 4582 Quadi-ingentia]
1835 4517 2032 4570 Marcis
2055 4519 2256 4584 argenti
2283 4521 2494 4570 156250.
2535 4519 2679 4569 Creo.
