3300 5234
834 591 1043 650 Lissi
1093 601 1307 651 cxiv.
1353 597 2004 654 surensnnwruu.
2355 583 2534 650 5305

376 751 480 804 55.
506 741 653 805 'Sub
691 742 947 804 mediam
984 751 1217 804 noctem
1244 743 1467 806 Butam
1506 743 1804 824 quendam
1839 745 2100 805 accitum
2125 741 2204 804 nd

292 859 457 900 mare
479 841 644 900 misit
666 843 878 910 visum,
906 860 1057 900 enne
1088 842 1224 920 jam
1263 841 1578 902 solvissent
1602 861 1842 901 omnes:
1886 849 1950 901 et
1973 839 2207 901 medico
2279 838 2287 849 '

292 938 551 1016 praebuit
568 937 959 1018 'obligandam
980 957 1241 1009 manum,
1268 958 1404 1018 quae
1428 958 1507 998 ex
1527 939 1649 998 ictu
1677 939 2054 1012 intumuerat.
2124 935 2206 998 Id

289 1053 460 1115 spem
506 1035 651 1098 fecit
692 1035 955 1114 reliquis,
1002 1037 1203 1096 vivere
1244 1055 1381 1095 eum
1416 1036 1818 1096 constituisse.
1897 1034 2022 1095 Sed
2070 1033 2206 1095 falsi

290 1139 449 1192 sunt.
537 1131 694 1192 Cum
719 1132 879 1192 enim
898 1151 1165 1194 reversus
1194 1132 1361 1192 Buta
1379 1129 1621 1192 solvisse
1649 1151 1854 1192 omnes
1879 1131 2205 1192 renuntias-

289 1239 405 1302 set,
450 1241 707 1312 excepto
749 1230 991 1302 Crasso,
1040 1240 1103 1290 et
1144 1231 1555 1291 vehementem
1596 1239 1834 1290 ventum
1876 1229 2207 1290 incubuisse

292 1327 477 1396 mari:
522 1336 677 1388 sorte
720 1327 1069 1406 fugientium
1110 1325 1391 1398 indoluit,
1418 1326 1760 1406 remisitque
1799 1326 2074 1397 eundem,
2115 1333 2205 1412 ut,

287 1422 341 1480 si
366 1425 505 1503 quis
526 1423 679 1484 forte
704 1423 962 1503 alicujus
988 1424 1117 1504 opis
1146 1422 1380 1501 indigus
1414 1421 1810 1493 remansisset,
1837 1421 1898 1482 id
1925 1420 2004 1483 ad
2029 1441 2091 1481 se
2114 1443 2207 1483 re-

289 1517 558 1580 ferretur.
645 1519 777 1580 Ubi
803 1519 905 1580 ille
923 1519 1111 1580 altum
1134 1521 1197 1580 in
1224 1528 1397 1600 portu
1422 1519 1724 1580 silentium
1743 1539 1868 1580 esse
1889 1519 2206 1589 nuntiavit,

276 1617 478 1696 janua
496 1615 699 1676 claudi
713 1618 909 1696 jussa,
937 1624 1222 1696 tunquam
1245 1615 1605 1676 dormiturus
1624 1617 1686 1674 in
1711 1614 1995 1676 lectulum
2021 1635 2086 1674 se
2111 1635 2204 1674 re·

294 1713 515 1792 posuit.
601 1711 725 1772 Sed
752 1713 955 1772 stetim
984 1721 1281 1793 arreptum
1324 1732 1662 1774 mucronem
1707 1711 1906 1773 infixit
1928 1712 2160 1793 corpori
2185 1729 2200 1772 τ
2232 1717 2348 1768 Dio.

290 1827 483 1888 neque
508 1807 903 1878 exanimatus,
932 1809 1075 1888 quia
1116 1828 1325 1868 manus
1349 1807 1718 1870 inflammata
1740 1808 1935 1869 fuerat
1959 1807 2037 1870 ud
2063 1807 2202 1868 feri-
2229 1783 2456 1898 ‘ssffi'ff'ss
2477 1853 2530 1900 2·

288 1905 510 1964 endum
538 1903 845 1975 infirmior,
873 1904 1101 1966 decidit
1124 1905 1332 1981 cubili,
1362 1907 1730 1987 strepituque
1767 1906 1954 1979 edito,
1979 1906 2206 1968 excivit
2229 1914 2337 1965 Liv.
2361 1911 2496 1978 Epit.

286 2001 730 2063 'solicitudinem
766 2021 1023 2062 suorum.
1109 2002 1459 2084 lrrumpunt
1482 2005 1543 2062 in
1568 2003 1912 2064 cubiculum
1937 2001 2114 2076 filius,
2143 2013 2208 2064 et
2230 1979 2366 2030 ΡΜ·

285 2117 431 2160 cum
450 2099 757 2160 Demetrio
778 2098 1015 2161 Stoicus
1040 2099 1458 2181 Apollonides.
1502 2099 1782 2162 Medicus
1807 2100 2088 2166 intestina
2113 2102 2204 2162 vi-

286 2194 441 2255 dens
486 2194 698 2266 illaesa,
725 2216 1005 2276 reponere
1042 2197 1099 2256 in
1128 2205 1417 2267 ventrem,
1444 2205 1625 2278 etque
1669 2217 1948 2257 consuere
1989 2197 2207 2261 vulnus

286 2295 493 2374 coepit.
581 2291 723 2363 Ille,
770 2314 975 2374 passus
1025 2293 1217 2354 donec
1264 2292 1660 2364 discederent,
1715 2313 1952 2355 manum
1997 2293 2206 2374 injecit

286 2389 543 2460 vulneri,
589 2389 1023 2470 dilaniatoque‚
1060 2399 1122 2449 et
1160 2389 1375 2471 sparsis
1414 2390 1732 2461 intestinis,
1779 2411 1902 2469 qua
1943 2399 2206 2471 coepertrt

286 2485 391 2547 via
414 2488 759 2548 servitutem
788 2489 999 2548 exivit.

368 2589 473 2644 56.
520 2583 795 2644 Decessit
863 2582 1025 2644 Ceto
1077 2603 1233 2644 auno
1288 2583 1483 2644 aetstis
1532 2581 2202 2664 undequinquagesimo.
2261 2590 2309 2642 A
2344 2592 2477 2668 pinn-

288 2677 511 2758 Mag-ni
532 2681 735 2761 utique
762 2681 855 2740 vir
882 2680 1203 2760 invictique
1231 2680 1440 2751 animi,
1469 2687 1533 2739 et
1556 2678 1858 2741 indomitae
1885 2699 1994 2740 nec
2021 2678 2203 2740 licen·
2229 2664 2281 2706 ‘²
2351 2672 2417 2709 ¹⁰·

284 2775 457 2836 tiosae
478 2776 791 2848 libertatis,
818 2775 921 2836 sed
948 2776 1146 2856 legum
1161 2784 1223 2836 et
1241 2777 1398 2858 sequi
1420 2775 1968 2837 observantissimus
1990 2796 2007 2837 ε
2033 2779 2131 2857 cuj
2139 2797 2208 2838 us
2303 2822 2310 2829 -

284 2873 473 2934 etiam
513 2872 849 2934 laudandus
885 2874 1083 2934 exitus
1116 2871 1293 2944 foret,
1328 2873 1377 2932 si
1418 2873 1697 2954 cuiquem
1727 2873 1852 2934 ullo
1891 2893 2036 2934 casu
2065 2875 2206 2934 vitae

286 2971 569 3050 necisque
596 2991 720 3031 suae
748 2979 1101 3051 potestatem
1140 2971 1523 3030 concessisset
1563 2969 1752 3031 Deus.
1839 2969 2026 3034 Nunc
2051 2974 2113 3034 in
2141 2993 2204 3044 re

286 3067 479 3127 vetita
516 3067 729 3128 saltem
766 3068 921 3128 hanc
950 3065 1260 3127 abstulerit
1286 3086 1407 3147 prae
1434 3067 1566 3126 aliis
1590 3065 1883 3128 similibus
1905 3087 2201 3136 commen—

284 3163 614 3235 dationem,
652 3173 719 3224 ut
740 3185 820 3225 ex
848 3173 974 3225 toto
1000 3164 1445 3246 desperatorum
1472 3165 1706 3242 agmine
1733 3185 1908 3228 nemo
1935 3161 2206 3228 videatur

286 3260 573 3321 insanisse
599 3263 942 3342 speciosius.

368 3363 472 3420 57.
517 3357 639 3418 Sed
668 3379 861 3438 neque
901 3358 962 3418 in
1002 3359 1131 3418 vita
1172 3359 1305 3438 ejus
1328 3361 1650 3439 quicquam
1677 3360 1896 3420 rectius
1918 3361 2200 3442 carpitur,
2230 3371 2364 3447 Plut3

284 3473 471 3534 quam
512 3454 673 3535 quod
721 3475 967 3515 uxorem
1012 3453 1309 3514 Marciam
1350 3454 1517 3516 velut
1558 3458 1884 3516 usurariam
1914 3457 2206 3520 concessit
2231 3437 2444 3502 APPQ·

286 3551 376 3618 Q.
426 3551 777 3623 Hortensio,
825 3573 961 3612 cum
1003 3561 1121 3612 tres
1161 3552 1217 3612 ei
1264 3550 1481 3612 liberos
1528 3553 1868 3636 peperisset,
1911 3563 2092 3634 atque
2130 3575 2204 3614 eo
2263 3547 2452 3602 hm·

284 3669 526 3730 quoque
552 3658 815 3730 tempore
842 3657 1101 3728 gestaret
1124 3659 1377 3708 uterum.
1464 3647 1542 3709 Id
1577 3651 1708 3728 ejus
1741 3650 1966 3712 suctim
2009 3671 2202 3733 quun·-
2228 3617 2454 3737 ¹233,

280 3766 467 3826 quam
497 3745 790 3828 Philippo
818 3745 1070 3806 Marciae
1110 3746 1261 3827 patri
1310 3747 1645 3827 probatum,
1683 3755 1746 3806 et
1783 3747 2060 3829 exemplo
2088 3747 2202 3808 So·-
2227 3757 2310 3794 ¹¹·
2341 3759 2393 3808 P·
2417 3747 2534 3794 ⁶¹⁵·

280 3843 466 3902 crutis
488 3850 669 3923 atque
694 3843 882 3903 veteri
918 3840 1333 3902 Romanorum
1368 3842 1800 3904 consuetudine
1818 3843 1844 3880 ⁴¹
1867 3841 2200 3914 defensum,
2225 3807 2543 3936 Klggffiagg‘

284 3959 407 4000 non
442 3933 735 4000 immerito
776 3939 1155 4022 reprehendit
1202 3938 1430 4010 Coesar,
1470 3938 1684 4000 falsam
1728 3949 1924 4002 tamen
1962 3961 2204 4010 causam
2225 3935 2534 3990 Smbffllut.

282 4035 581 4096 hostiliter
632 4035 935 4117 affingens,
988 4044 1006 4071 ⁴
1040 4055 1287 4095 uxorem
1331 4036 1726 4116 juvenculam
1776 4035 1912 4098 ideo
1971 4035 2203 4096 dedisse

348 4251 377 4286 ἅ
420 4250 586 4301 Veteri
608 4251 928 4301 Emerita·
963 4257 1209 4302 consum·
1282 4259 1433 4301 reme
1452 4265 1482 4299 s
1504 4253 1787 4302 severitate
1809 4251 2031 4302 Romani
2047 4252 2204 4302 moris

280 4315 423 4379 dine]
490 4315 609 4367 Hoc
652 4317 863 4380 quidem
912 4318 987 4366 its
1024 4317 1211 4367 scribit
1280 4331 1347 4366 en
1365 4315 1684 4366 credendum
1709 4319 1796 4374 sit,
1817 4317 2026 4367 dubitet
2051 4319 2206 4396 Rugi-

282 4381 461 4445 grsvis
474 4395 591 4431 cnm
608 4382 787 4444 primis
799 4391 983 4432 unctor
998 4383 1209 4439 Strabo.
1280 4381 1395 4441 dun,
1417 4380 1784 4434 Animadvers.
1810 4387 1892 4436 26.
1919 4384 1973 4439 in
1997 4383 2206 4435 Plutar-

282 4445 379 4498 sed
404 4446 577 4499 soliis:
628 4447 711 4497 cui
734 4448 789 4497 in
812 4462 869 4498 re
894 4457 997 4498 tam
1022 4449 1211 4500 abbor-
1286 4447 1457 4496 chum.
1494 4451 1643 4500 creo.

417 4527 594 4593 Delph.
615 4533 664 4577 et
690 4528 803 4578 Var-
828 4529 959 4582 Clus-
1286 4528 1475 4580 Livius.
2131 4570 2138 4580 .
2209 4549 2218 4563 ¹
2249 4535 2310 4584 16
2350 4531 2398 4584 Ρ
