3300 5234
843 636 1054 689 usn!
1103 637 1234 688 ΟΧ.
1280 634 1930 687 SUPPLBMBNTUM.

259 784 555 848 ciderunt.
638 782 784 851 Qua
807 801 870 844 re
899 780 1202 843 Varianos
1226 780 1600 863 perturbatos
1621 800 1867 841 cernens
1890 776 2177 851 Rebilus,

259 884 504 963 legatus
533 880 810 953 cesaris,
845 900 1024 961 quem
1059 878 1138 939 ob
1175 878 1448 960 peritiam
1485 878 1570 939 rei
1601 878 1877 938 militaris
1910 896 1988 937 ex
2022 874 2181 937 Sici-

261 979 350 1041 lia
395 978 588 1040 Curio
623 997 826 1041 secum
866 975 1224 1047 adduxerat,
1267 976 1512 1048 instare,
1555 984 1739 1057 atque
1784 984 2049 1057 tempore
2094 972 2181 1033 uti

253 1078 459 1158 jubet.

345 1180 452 1234 62.
495 1170 638 1233 'Nec
672 1178 936 1233 moratus
971 1168 1180 1241 Curio,
1207 1179 1274 1231 ut
1303 1178 1434 1231 erat
1453 1190 1592 1232 acer
1617 1179 1683 1232 et
1707 1168 1932 1242 audax,
1958 1168 2185 1251 primus

263 1270 556 1354 procurrit
595 1270 654 1329 in
688 1268 930 1341 vallem,
955 1268 1304 1350 impeditam
1340 1267 1515 1340 adeo,
1542 1278 1611 1330 ut
1643 1268 1723 1329 ab
1759 1268 1951 1331 altera
1988 1275 2181 1349 parte,

263 1369 378 1429 nisi
425 1367 618 1448 adjuti
659 1387 699 1427 a
734 1367 874 1437 suis,
915 1386 1218 1427 ascensum
1255 1364 1572 1428 difficulter
1607 1364 1971 1428 molirentur.
2056 1364 2182 1425 Sed

261 1465 488 1538 hostes,
517 1465 726 1525 animis
752 1464 1056 1545 perculsis,
1085 1458 1279 1546 neq'ue
1317 1464 1495 1524 ullius
1529 1466 1641 1525 nisi
1678 1464 1835 1544 fugae
1874 1484 2180 1533 memores,

263 1564 608 1645 priusquam
646 1562 724 1624 ad
750 1564 985 1641 jactum
1022 1562 1126 1622 teli
1153 1570 1501 1644 perventum
1531 1570 1707 1633 esset,
1736 1564 1797 1622 in
1822 1570 2019 1623 castra
2054 1582 2181 1623 om-

261 1680 378 1741 nes⁸
413 1657 776 1739 refugerunt,
799 1667 972 1719 tanta
1009 1661 1503 1730 consternatione,
1541 1668 1608 1720 ut
1652 1660 1711 1719 in
1750 1658 1936 1741 portis
1969 1667 2035 1719 et
2074 1672 2182 1719 an—·

260 1757 476 1837 gustiis
513 1757 742 1817 viarum
779 1755 978 1837 plures
1009 1756 1214 1816 obtriti
1247 1756 1625 1837 oppressique
1664 1776 1703 1818 a
1732 1756 1853 1817 suis
1886 1758 2013 1817 sine
2048 1754 2180 1818 vul-

259 1874 404 1915 nere
445 1861 824 1923 morerentur,
868 1872 1047 1934 quam
1086 1852 1382 1913 interfecti
1423 1855 1481 1913 in
1517 1852 1727 1935 praelio
1762 1851 2013 1915 fuerant.
2099 1854 2185 1914 Et

261 1952 374 2011 nisi
427 1949 704 2011 Curionis
752 1950 970 2011 milites
1019 1958 1252 2011 tautum
1303 1950 1382 2010 ad
1435 1972 1697 2033 pugnam
1748 1950 2001 2033 profecti
2052 1950 2184 2012 sola

261 2068 466 2109 secum
501 2066 668 2108 arma
708 2046 1085 2116 extulissent,
1116 2046 1326 2107 eodem
1361 2049 1586 2128 impetu
1624 2050 1953 2130 expugnari
1988 2058 2185 2109 castra

263 2153 608 2227 potuerunt.
713 2142 1108 2205 Memorabile
1153 2152 1280 2204 tum
1325 2143 1554 2205 facinus
1603 2144 1895 2224 Pelignus
1939 2146 2183 2226 quidam

261 2243 498 2303 nomine
551 2241 778 2302 Fabius
828 2240 1038 2301 edidit.
1133 2241 1420 2323 Namque
1469 2242 1833 2321 fugientibus
1861 2243 2192 2304 'immixtus‘

261 2360 485 2420 magna
549 2360 696 2401 voce
765 2338 1000 2400 Varum
1065 2338 1394 2401 identidem
1469 2342 1755 2402 invocans
1819 2340 2185 2421 requirebat.

265 2438 400 2499 Ubi
447 2437 579 2511 ille,
628 2436 874 2499 credens
921 2458 1106 2497 uuum
1155 2459 1192 2498 e
1243 2437 1387 2510 suis,
1433 2439 1669 2511 restitit,
1719 2438 1853 2519 quis
1901 2448 2076 2511 esset,
2122 2446 2188 2499 et

261 2534 409 2616 quid
451 2535 655 2608 vellet,
695 2536 1088 2615 interrogansg
1147 2534 1372 2596 Fabius
1411 2536 1616 2595 stricto
1656 2534 1860 2614 gladio
1903 2554 2039 2595 eum
2080 2556 2185 2615 pe-

259 2634 400 2693 tiit:
469 2641 531 2693 et
583 2632 990 2704 interfecisset,
1037 2632 1146 2692 nisi
1195 2640 1366 2693 scuto
1415 2632 1655 2692 sublato
1703 2633 1950 2693 vitasset
2000 2634 2185 2693 ictum

261 2729 490 2791 Varus.
595 2729 854 2791 Fabium
905 2730 1009 2812 qui
1055 2730 1310 2811 proximi
1355 2728 1505 2789 forte
1546 2738 1716 2790 erant
1758 2727 1983 2789 milites
2025 2730 2183 2790 occi·

259 2826 498 2889 derunt.
578 2824 764 2907 Isque
797 2826 961 2888 solus
997 2826 1274 2887 Curionis
1311 2826 1566 2888 militum
1599 2846 1677 2886 ea
1700 2846 1901 2907 pugna
1922 2826 2147 2887 cecidit
2162 2846 2181 2885 t

261 2923 730 2986 adversariorum
764 2923 1086 2985 desiderati
1127 2924 1360 2985 circiter
1397 2924 1690 2995 sexcenti,
1726 2933 1791 2985 et
1828 2922 1997 2983 mille
2032 2944 2181 3005 prae-

259 3031 427 3083 terea
461 3022 756 3082 vulnerati
788 3030 946 3081 sunt.
1031 3020 1236 3082 Varus
1268 3040 1406 3081 cum
1447 3041 1585 3081 suos
1617 3018 1863 3081 mirifice
1900 3030 2183 3102 perterre-

258 3118 456 3179 factos
487 3116 1004 3189 animadverteret,
1031 3118 1358 3177 exercitum
1395 3115 1473 3177 de
1507 3117 1688 3179 tertia
1712 3116 1920 3197 vigilia
1946 3136 2025 3179 ex
2052 3136 2183 3178 cas-

257 3216 366 3277 tris
387 3216 450 3274 in
476 3212 764 3295 oppidum
789 3214 1051 3274 reduxit.

341 3317 447 3373 63.
489 3308 678 3371 curio
701 3309 1150 3372 circummunire
1169 3308 1458 3392 oppidum
1477 3309 1769 3379 instituit:
1816 3329 2034 3389 magna
2052 3330 2179 3391 spe,

258 3406 426 3489 quod
465 3406 928 3489 Hispaniensem
955 3405 1214 3467 Caesaris
1237 3407 1572 3479 victoriam,
1597 3426 1735 3489 quae
1762 3408 2081 3468 multorum
2105 3408 2181 3467 li-

256 3504 404 3566 teris
439 3524 514 3567 ac
551 3504 772 3565 nuntiis
807 3506 868 3564 in'
895 3501 1173 3565 Africam
1209 3504 1636 3586 perferebatur,
1664 3504 1927 3565 omnium
1954 3504 2185 3565 animos

257 3601 680 3662 inclinaturam
720 3603 782 3663 in
818 3602 928 3662 has
961 3610 1158 3683 partes
1192 3602 1452 3663 rebatur.
1535 3601 1777 3663 Idcirco
1812 3622 1949 3663 cum
1984 3622 2184 3681 regem

257 3698 301 3759 J
303 3700 490 3759 ubam
523 3700 727 3761 venire
763 3718 902 3759 cum
938 3698 1166 3778 ingenti
1200 3700 1468 3761 exercitu
1504 3699 1785 3771 audisset,
1814 3698 1919 3759 vix
1942 3697 2183 3760 credere

257 3796 493 3879 pontin
545 3794 739 3857 donec
777 3796 972 3857 minus
1011 3797 1276 3879 quinque
1315 3807 1378 3858 et
1417 3799 1630 3877 viginti
1670 3798 1937 3860 millibus
1980 3800 2185 3861 abesse

257 3894 474 3957 didicit
505 3894 660 3974 regis
691 3892 914 3976 copias.
995 3894 1154 3955 Tum
1191 3896 1253 3955 iu
1289 3903 1488 3957 castra
1524 3896 1812 3957 Cornelia
1846 3918 1909 3959 se
1934 3899 2181 3979 recepit,

256 3992 364 4055 ubi
403 3999 538 4052 tuto
573 3990 802 4052 bellum
841 3989 1110 4063 duceret,
1144 3991 1340 4053 donec
1373 4012 1452 4053 ex
1493 3992 1706 4054 Sicilia
1742 3993 1881 4054 duoe
1916 3995 2053 4055 aliae
2094 3993 2184 4055 le·-

256 4090 484 4168 giones,
513 4096 575 4149 et
609 4086 874 4169 reliquus
897 4090 1202 4169 equitatus
1227 4089 1634 4153 adveheretur.
1720 4090 1845 4153 Sed
1872 4091 1931 4151 in
1956 4092 2182 4173 optimo

254 4184 516 4247 consilio
563 4204 906 4267 permanere
951 4185 1180 4247 licitum
1223 4187 1282 4247 ei
1327 4207 1444 4248 uon
1488 4186 1609 4249 fuit
1647 4208 1755 4271 per
1802 4188 2183 4273 Uticensium

259 4280 576 4360 quosdam,
611 4282 714 4363 qui
751 4282 812 4342 in
849 4292 1046 4345 castra
1085 4285 1218 4363 ejus
1253 4284 1650 4365 perfugerant.
1734 4282 1795 4345 Ii
1838 4294 2182 4347 revocatum

263 4376 715 4459 Leptitanorum
735 4380 901 4441 bello
933 4402 1130 4461 regem
1167 4382 1500 4442 discessisse
1540 4402 1677 4442 cum
1716 4384 1981 4443 maxima
2015 4384 2181 4462 copi-

261 4494 428 4537 arum
477 4488 644 4559 parte
688 4480 1076 4542 nuntiabant:
1122 4478 1360 4541 Sabura
1402 4479 1556 4541 duce
1599 4479 1899 4543 modicam
1942 4499 2181 4541 manum

2336 615 2515 683 ⁶195
2566 702 2581 713 .
