3300 5234
182 1891 191 1900 .
294 1835 556 1914 reperio,
598 1855 843 1896 coronas
882 1855 1109 1908 aureas,
1150 1836 1313 1897 dona
1352 1857 1557 1916 regum
1598 1855 1674 1896 ac
1717 1835 2052 1904 civitatum,
2090 1833 2212 1894 duo
2237 1879 2292 1927 Li

854 620 1061 670 usai
1111 620 1295 670 cxv.
1338 619 1985 671 strennuum-uu.
2363 601 2540 668 631⁷

292 763 591 846 AEgyptio
612 762 795 824 ducta
820 763 1077 826 Arsinoe
1105 785 1311 846 parum
1336 763 1756 844 indignationis
1781 783 1854 826 ac
1875 763 2207 825 misericor·

290 859 419 920 diae
468 869 890 922 commoverat.
973 861 1143 930 Quin
1194 871 1259 923 et
1306 860 1585 923 lictorum
1634 881 1934 934 numerus,
1987 861 2210 921 nullius

296 978 567 1040 unquam
616 966 917 1040 spectatus
968 960 1239 1040 imperio,
1291 958 1654 1020 admonebat
1716 959 1980 1020 homiues
2038 957 2210 1020 sortis

294 1074 447 1128 suae,
474 1065 537 1116 et
556 1055 819 1116 alienam
844 1057 1035 1117 vicem
1060 1058 1301 1130 oblitos,
1326 1077 1449 1118 suae
1474 1057 1728 1118 fortunae
1761 1057 2016 1135 cogebat
2047 1057 2210 1136 inge-

294 1151 565 1214 miscere.
649 1153 935 1214 Vicissim
956 1155 1325 1237 captivomm
1364 1163 1708 1236 reputantes
1745 1153 2208 1225 multitudinem,

293 1257 363 1309 et
406 1269 589 1330 quam
634 1250 977 1312 infestarum
1018 1253 1241 1333 populo
1296 1250 1577 1312 Romano
1621 1251 1880 1330 gentium
1927 1251 2107 1310 robur
2149 1250 2214 1310 hi

293 1346 568 1419 fuioeent,
604 1367 917 1428 rerumque
952 1357 1247 1427 gestarum
1273 1347 1597 1410 inauditam
1638 1357 1820 1409 antea
1853 1346 2212 1427 maguitudi-

294 1463 459 1514 nem,
488 1444 569 1504 ab
594 1444 735 1505 odio
760 1444 1017 1506 Caesaris
1041 1445 1122 1507 ad
1146 1445 1355 1506 laudes
1387 1455 1450 1506 et
1487 1445 1938 1506 admirationem
1959 1443 2212 1504 transfe-

292 1540 602 1602 rebantur.
688 1541 1095 1604 Delectabant
1132 1552 1195 1604 et
1218 1541 1485 1604 Achillae
1523 1542 1892 1622 Pothinique
1916 1559 2125 1622 poenoe,
2151 1550 2216 1602 et
2235 1549 2450 1614 Appias.

204 1625 213 1630 ’
296 1637 553 1699 Pontici
602 1641 757 1718 regis
806 1649 929 1700 tam
978 1640 1249 1702 celeriter
1298 1641 1537 1720 dejecta
1588 1640 1945 1719 arrogantia.
2043 1638 2214 1720 Opes

294 1737 485 1797 etiam
510 1737 809 1798 malatoe
836 1737 945 1817 (ad
970 1739 1169 1800 decies
1191 1740 1387 1800 sexies
1404 1737 1623 1800 millies
1639 1739 2010 1799 sestertium⁸
2034 1736 2212 1798 fuisse
2236 1746 2402 1864 σὲοιι.
2417 1763 2493 1864 ...rbi

2307 1851 2322 1864 .
2343 1823 2396 1864 et
2410 1829 2434 1864 ι
2465 1831 2486 1863 ι

294 1929 495 1990 millia
518 1932 889 2010 octingentas
914 1933 1127 2012 viginti
1160 1933 1331 2004 duas,
1372 1935 1499 1994 auri
1538 1931 1866 2014 pendentes
1899 1930 2098 2012 pondo
2122 1931 2212 2028 si·
2233 1897 2454 2011 Λξῖιῖιη.

296 2028 451 2106 giuti
489 2028 681 2088 millia
704 2029 1136 2109 quadringenta
1160 2031 1605 2110 quatuordecim
1621 2033 1676 2108 Ι·)
1719 2029 2062 2090 mulcebant
2087 2029 2214 2087 ani-

294 2143 450 2196 mos,
494 2143 771 2204 magnam
808 2124 1025 2186 exinde
1060 2137 1289 2208 partem
1322 2128 1443 2188 suis
1472 2147 1614 2187 mox
1642 2127 1847 2188 usibus
1871 2135 1977 2186 aut
2000 2125 2215 2206 volup-

294 2221 411 2281 tati
436 2241 754 2294 ceoeuram,
778 2223 1107 2286 scientium.

382 2324 485 2379 19.
532 2317 700 2379 Nam
752 2327 817 2380 et
863 2321 1309 2382 viscerationem
1362 2318 1585 2402 populo
1632 2319 1806 2381 dedit
1871 2305 2102 2391 Ooesar,
2155 2329 2218 2380 et
2271 2325 2478 2376 Sueten.

290 2415 493 2474 omnis
535 2418 763 2495 generis
806 2417 1152 2499 spectacula
1190 2418 1441 2486 diversis
1480 2420 1696 2478 causis.
1795 2417 2016 2478 Forum
2057 2418 2214 2476 enim
2239 2390 2374 2508 gfff·
2390 2395 2542 2510 ’ἔξω

296 2531 493 2584 suum,
515 2533 590 2574 eo
608 2513 771 2593 quod
795 2513 1141 2576 Romanum
1160 2517 1512 2586 vocabatur,
1533 2514 1861 2596 pulchrius,
1881 2514 1985 2575 sed
2007 2514 2214 2574 minori
2270 2522 2315 2570 A
2355 2521 2487 2598 pinu.

296 2604 641 2681 latitudine,
668 2611 773 2671 ubi
785 2613 891 2690 jus
916 2611 1281 2684 redderetur,
1308 2611 1716 2693 templumque
1744 2611 2000 2672 Veneris
2026 2608 2216 2670 Geni-
2239 2595 2291 2634 οἳ
2360 2604 2429 2636 ¹⁰·

296 2705 485 2778 tricis,
526 2716 591 2768 et
630 2709 818 2788 juxta
856 2710 1111 2771 numinis
1150 2708 1404 2788 effigiem
1453 2709 1791 2791 Cleopatrae
1837 2709 2218 2770 simulacrum

298 2800 627 2876 dedicavit,
656 2825 793 2866 cum
820 2805 1021 2866 multis
1048 2814 1110 2866 et
1144 2806 1281 2867 aliis
1316 2807 1603 2868 nobilium
1640 2805 1934 2867 artificum
1957 2805 2216 2874 (abuliu

300 2898 454 2960 inter
476 2922 626 2981 quas
658 2901 1029 2966 Timomachi
1066 2903 1329 2984 Ajacem
1362 2914 1427 2966 et
1465 2904 1750 2964 Medeam
1783 2903 2088 2984 octoginta
2121 2910 2215 2964 ta-
2270 2915 2404 2966 Plin.

299 2994 511 3058 lentis¹
546 3001 755 3060 emisse
782 3001 1054 3062 traditur.
1132 3000 1385 3062 locavit
1408 2999 1627 3062 ibidem
1655 3001 1796 3082 equi
1821 3001 1910 3060 sui
1937 2998 2213 3079 effigiem,
2242 2996 2410 3032 ¹¹¹³*
2432 2986 2546 3033 *θ’

300 3094 409 3174 qui
446 3095 717 3158 humanis
749 3098 971 3158 similes
1009 3099 1233 3179 priores
1257 3098 1438 3179 pedes
1460 3099 1694 3168 habuit,
1721 3117 1912 3178 neque
1936 3117 2216 3156 sessorem
2259 3111 2392 3162 Plin.
2417 3129 2540 3164 vm.

298 3191 565 3274 recipcre
591 3195 787 3256 voluit
824 3196 937 3256 nisi
964 3195 1297 3257 Caesarem:
1340 3205 1718 3276 statuamque
1757 3196 1874 3255 sibi
1911 3193 2220 3256 loricatam
2241 3182 2476 3292 ghotos.

298 3286 493 3350 dicari
544 3311 751 3372 pmus
800 3301 913 3364 est,
966 3313 1105 3352 cum
1167 3292 1361 3372 effigie
1410 3312 1592 3373 quam
1643 3291 1998 3353 Arcesilaus
2057 3291 2220 3352 fecit.
2246 3306 2372 3356 Ces.
2393 3311 2481 3361 61.

301 3383 544 3448 struxit
565 3399 629 3450 et
654 3390 1172 3472 amphitheatrum,
1200 3392 1304 3450 ubi
1339 3390 1688 3450 funebribus
1725 3389 1868 3452 filiae
1905 3390 2063 3449 ludis
2087 3409 2221 3470 pro·
2275 3372 2319 3420 P
2323 3375 2408 3421 ¹⁵¹¹·

302 3487 641 3548 nuntiatum
692 3487 835 3549 olim
888 3489 1111 3570 populo
1164 3509 1375 3548 munus
1424 3497 1607 3570 atque
1652 3489 1998 3550 venationes
2047 3487 2222 3548 exhi·
2247 3453 2385 3551 Ἇῧῗοι
2391 3441 2514 3551 1⁰2⁶·

300 3585 455 3646 buit.
2244 3567 2382 3618 Plut.

384 3689 489 3742 20.
532 3680 708 3742 Fecit
744 3690 809 3743 et
844 3681 1019 3742 ludos
1056 3683 1431 3763 regionatim,
1459 3704 1565 3765 per
1603 3684 1866 3744 omnium
1889 3681 2220 3759 ling-uarum
2246 3681 2485 3797 cij-3:213·-

2239 3051 2553 3098 iheum-89.

300 3779 643 3849 histriones,
670 3780 813 3840 item
838 3781 1152 3852 circenses,
1181 3781 1459 3852 athletas,
1490 3780 1930 3841 naumachiam.
2000 3777 2221 3838 Mune-

298 3897 363 3936 re
390 3875 747 3956 gladiatorio
764 3876 1258 3958 depugnavemnt
1282 3878 1529 3958 quidam
1560 3877 1822 3938 Romani
1847 3875 2098 3956 equites,
2117 3873 2222 3936 sed

366 4087 393 4124 t
428 4080 604 4131 Decies
638 4083 796 4132 sexies
843 4083 1019 4134 millies
1056 4089 1228 4134 sester-
1305 4085 1449 4136 Creo.

296 4145 453 4206 tium]
488 4147 701 4197 Merca·
724 4149 929 4210 argenti
967 4149 1231 4198 Parisien·
1368 4149 1393 4184 h
1424 4149 1553 4200 Auri
1570 4181 1583 4199 .
1602 4185 1617 4200 .
1633 4185 1648 4202 .
1666 4185 1678 4198 .
1692 4151 1849 4214 pondo
1871 4148 2050 4209 viginta·
2069 4148 2224 4198 millia

300 4225 385 4260 ses
428 4213 681 4262 0250000.
744 4215 992 4278 Sequitur
1030 4213 1231 4278 Appia·
1300 4215 1652 4278 quadringenta
1671 4211 2046 4280 quatuordecim]
2079 4213 2223 4262 Mar·

302 4291 426 4324 num
496 4275 898 4328 Freinshemius.
990 4279 1225 4330 Velleius
1307 4295 1395 4332 cas
1417 4283 1598 4331 81807.
1632 4282 1813 4330 uncias
1832 4283 1882 4328 6.
1919 4279 2062 4328 Cres.

302 4341 441 4391 enim
483 4343 731 4392 minorem
768 4358 1013 4393 summam
1048 4345 1229 4408 habet,
1376 4345 1390 4379 ¹
1438 4347 1702 4408 Octoginta
1755 4343 1977 4408 talentis]
2028 4343 2226 4394 Marcis

308 4421 497 4469 nempe
522 4408 691 4456 sexies
729 4410 935 4470 millies,
958 4413 1072 4460 sive
1097 4426 1223 4460 mer·
1307 4412 1513 4476 argenti
1536 4415 1687 4462 7⁵00.
1722 4413 1865 4462 Creo.

308 4485 399 4522 cas
442 4475 647 4538 argenti
684 4482 947 4526 nostrates
978 4477 1229 4528 2843750.
