3300 5234
1712 572 1781 621 Τ.
1834 570 2019 621 101le

1071 714 1200 776 baec
1233 715 1588 797 suspicatus,
1625 714 1927 799 tribunum
1968 711 2159 795 plebis
2196 712 2499 794 adiunxit,
2524 714 2629 796 qui
2662 732 2757 775 res
2790 732 2987 777 nunno

943 860 952 867 .
1071 813 1412 873 molientem
1437 820 1756 873 coerceret.
1840 812 1937 873 At
1956 811 2203 884 Coelius,
2224 812 2385 873 haud
2408 812 2725 893 longedum
2742 812 2981 894 profec-

750 2281 868 2331 Dio.

753 2380 882 2431 Car.

1069 918 1188 983 tus,
1215 910 1418 971 audito
1446 909 1697 970 Milonis
1718 909 2114 981 incommodo,
2132 910 2193 969 in
2222 910 2433 971 itinere
2455 912 2721 972 substitit
2737 931 2757 971 ι
2794 910 2981 984 unde,

1067 1008 1306 1087 cognito
1329 1008 1458 1085 ejus
1479 1007 1748 1080 consilio,
1774 1009 2041 1069 tribunus
2064 1009 2363 1068 hominem
2388 1009 2450 1069 in
2478 1009 2711 1079 Urbem
2730 1009 2987 1069 reduce-

1070 1106 1198 1166 bnt.
1283 1104 1406 1166 Sed
1445 1106 1675 1166 interea
1706 1114 1944 1165 senatus
1982 1105 2274 1167 Milonem
2306 1108 2538 1169 hostem
2568 1106 2981 1187 judicaverat,

1074 1204 1270 1266 coelio
1293 1224 1528 1265 manere
1557 1205 1636 1264 ad
1666 1205 1899 1264 Urbem
1914 1207 2107 1285 jusso.

1150 1306 1254 1361 22.
1298 1300 1378 1361 Id
1403 1322 1540 1362 cum
1563 1310 1717 1361 esset
1738 1300 1986 1373 factum,
2007 1304 2174 1382 isque
2198 1322 2261 1363 se
2280 1301 2671 1381 negligentius
2694 1300 2983 1363 custodiri

1071 1400 1364 1471 sensisset,
1407 1400 1468 1459 in
1511 1398 1907 1479 Campaniam
1948 1399 2231 1480 profugit,
2271 1402 2429 1461 vires
2457 1408 2525 1459 et
2552 1399 2803 1461 consilia
2840 1420 2983 1462 cum

1074 1497 1310 1557 Milone
1345 1498 1681 1576 juncturus.
1764 1495 1937 1557 Nam
1982 1518 2060 1557 ex
2110 1499 2339 1577 magnis
2388 1498 2449 1557 in
2496 1496 2786 1558 aedilitate
2820 1498 2987 1559 datis

1072 1595 1411 1655 muneribus
1435 1594 1697 1676 aliquem
1720 1594 2011 1674 reliquum
2051 1594 2315 1655 habebat
2350 1594 2749 1674 gladiatorum
2774 1614 2987 1655 nume·

1071 1710 1222 1751 rum.
1305 1691 1456 1751 Hos·
1471 1692 1652 1770 igitur
1678 1690 2011 1772 Neapolim
2035 1691 2190 1751 clam
2206 1693 2392 1771 jussit
2414 1690 2663 1771 ingredi,
2690 1690 2986 1772 proditio-

1071 1808 1208 1848 nem
1242 1789 1446 1869 oppidi
1485 1808 1747 1870 sperans.
1832 1788 1974 1871 Ipse
2000 1788 2333 1850 Casilinum
2366 1790 2551 1861 venit,
2587 1797 2650 1849 et
2674 1789 2787 1848 sub
2822 1788 2987 1849 idem

1073 1895 1307 1967 tempus
1353 1887 1522 1966 signa
1566 1888 1697 1965 ejus
1743 1887 2024 1949 militaria
2068 1886 2299 1967 Capuae
2349 1886 2773 1967 comprehensa
2820 1873 2987 1947 sunt.

1075 1983 1202 2054 Ita,
1227 1984 1476 2045 consilio
1511 1984 1837 2065 patefacto,
1880 2004 2017 2045 cum
2059 1985 2209 2045 nihil
2253 1984 2623 2065 procederet,
2652 1983 2987 2063 Campani-

1074 2102 1188 2161 que
1214 2100 1350 2141 eum
1378 2102 1484 2163 pro
1505 2084 1677 2142 hoste
1708 2082 2016 2153 haberent,
2055 2102 2261 2160 agrum
2298 2081 2631 2142 Thurinum
2658 2079 2853 2162 petiit,
2880 2079 2987 2139 ubi

1075 2178 1306 2260 pulsum
1339 2179 1679 2261 Campania
1704 2179 2000 2240 Milonem
2026 2200 2201 2258 agere
2226 2188 2612 2260 compererat.

1155 2280 1257 2335 23.
1304 2274 1388 2335 Et
1430 2295 1594 2347 sane,
1639 2276 1691 2335 si
1732 2278 2039 2356 reperisset
2072 2277 2467 2356 superstitem,
2510 2274 2711 2335 moliri
2752 2273 2988 2354 aliquid

1073 2373 1375 2452 conjuncti
1399 2380 1693 2453 poterant.
1778 2371 1900 2432 Sed
1923 2371 2079 2431 Milo
2086 2375 2221 2451 jam
2244 2371 2567 2447 occiderat,
2588 2374 2649 2431 in
2674 2390 2989 2453 oppugna-

957 2492 968 2499 ·
1073 2470 1235 2531 tione
1261 2469 1498 2530 castelli
1523 2468 1775 2529 Cos-ani
1815 2467 2019 2548 lapide
2059 2490 2135 2528 ex
2168 2464 2535 2529 muro‘ictuS.
2616 2466 2824 2529 Paulo
2850 2478 2993 2548 post

753 2676 885 2730 Veu.
905 2681 1051 2729 1158.

750 2742 867 2794 Dio.
877 2742 1016 2795 *Cns-

749 2957 969 3023 Appian-

751 3152 872 3213 Dio,
889 3169 1002 3204 ιιι.

752 3349 887 3401 Plnt.
901 3348 1032 3400 Coes.

750 3416 790 3465 1²
791 3416 880 3493 lpr.
905 3430 976 3466 ιν.
1003 3420 1058 3467 2ο

753 3480 874 3532 Dru.

750 3546 967 3609 Appiano

752 3610 884 3663 Ces.

753 3738 871 3791 Dio.
903 3738 1030 3791 Cos.

1074 2568 1256 2628 etiam
1285 2566 1510 2628 Coelius
1535 2566 1694 2627 haud
1730 2566 1963 2626 mitiore
1996 2565 2127 2625 fato
2160 2564 2477 2635 defunctus
2510 2572 2623 2636 est,
2656 2582 2797 2626 cum
2816 2564 2988 2625 Thu-

1075 2665 1192 2725 rios
1215 2664 1593 2745 pervenisset.
1677 2661 1849 2722 Nam
1888 2663 1967 2722 ab
2007 2663 2305 2743 equitibus
2350 2661 2552 2723 Gallis
2574 2670 2639 2721 et
2665 2660 2994 2741 Hispanis,-

1075 2782 1224 2843 quos
1258 2760 1516 2842 praesidii
1541 2780 1723 2821 causa
1750 2758 1957 2819 Cesar
1984 2761 2246 2832 miserat,
2272 2778 2409 2820 cum
2436 2760 2509 2818 iis
2542 2766 2755 2819 contra
2781 2757 2991 2819 caesa-

1076 2878 1200 2919 rem
1225 2878 1494 2918 nummos
1519 2856 1921 2938 polliceretur,
1950 2856 2301 2916 interfectus
2325 2864 2433 2916 est.
2504 2840 2731 2915 Iisdem
2758 2862 2993 2935 tempo-

1077 2955 1260 3027 ribus,
1283 2974 1420 3015 cum
1448 2955 1506 3013 in
1536 2953 1723 3033 Epiro
1748 2960 1961 3034 praeter
1986 2953 2284 3033 equestria
2314 2952 2665 3025 certamina,
2704 2951 2799 3011 his
2838 2950 2994 3011 illis-

1079 3069 1208 3132 que-
1218 3050 1376 3112 vado
1400 3050 1578 3111 facile
1619 3050 2057 3110 transeuntibus
2096 3048 2395 3109 modicum
2430 3066 2689 3119 amnem,
2716 3046 2869 3108 nihil
2894 3066 2995 3107 re·

1077 3168 1209 3209 rum
1250 3158 1564 3229 gereretur,
1607 3150 1777 3226 (nam
1812 3148 2093 3228 Pompeii
2126 3153 2409 3206 conatum
2435 3143 2857 3206 transducendi
2882 3164 2990 3205 co-

1080 3249 1210 3330 pias
1233 3269 1381 3331 pons
1405 3250 1765 3329 interruptus
1791 3246 2168 3324 destituerat)
2200 3244 2407 3305 (Σαει-
2424 3242 2817 3305 audacissimo
2835 3240 2991 3303 faci-

1079 3362 1221 3407 nore
1244 3354 1542 3407 morantes
1572 3343 1881 3405 Brundisii
1908 3342 2167 3423 legiones
2192 3340 2485 3402 adducere
2506 3339 2761 3421 paravit.
2826 3338 2991 3399 Cum

1079 3444 1236 3503 enim
1276 3443 1672 3525 Pompeiana!
1714 3440 1932 3501 classes
1966 3440 2154 3500 maria
2178 3438 2517 3499 obsiderent
2550 3436 2835 3517 undique,
2872 3437 2993 3518 hy·

1079 3541 1324 3600 bernum
1363 3538 1476 3600 sibi
1511 3548 1747 3620 tempus
1782 3538 2148 3619 aptissimum
2194 3536 2534 3615 judicabat,
2580 3533 2727 3593 dum
2764 3534 2991 3605 hostes,

1079 3638 1532 3719 tempestatibus
1555 3634 1843 3707 deterriti,
1864 3654 2119 3695 vacuum
2146 3642 2208 3693 et
2227 3631 2650 3693 incustoditum
2670 3632 2991 3712 trajectum

1077 3732 1491 3814 relinquerent.
1575 3732 1701 3793 Sed
1746 3730 1957 3793 Bibuli
1997 3730 2274 3811 primum,
2315 3728 2535 3789 deinde
2573 3726 2823 3789 Libonis
2850 3726 2993 3787 dili-

1077 3832 1278 3910 gentia
1303 3828 1529 3891 factum
1554 3838 1705 3901 erat,
1730 3838 1803 3889 ut
1828 3826 2132 3888 Antonius
2164 3834 2339 3908 portu
2378 3825 2542 3886 exire
2576 3844 2696 3885 non
2721 3822 2992 3884 auderet.

1081 3927 1328 4009 Quippe
1356 3927 1510 3987 Libo
1541 3944 1785 4007 parvam
1818 3923 2097 3996 insulam,
2138 3924 2336 4003 portui
2363 3920 2741 3983 -Brundisino
2780 3919 2993 3999 objec-

949 4088 957 4097 ,
1075 4033 1224 4098 tam,
1251 4044 1374 4107 qua
1407 4023 1768 4085 necessarius
1810 4030 1941 4083 erat
1971 4021 2375 4099 transjecturis
2408 4038 2695 4099 egressus,
2728 4038 2993 4099 occupa-

755 4230 872 4281 Dio.
893 4228 1022 4279 Cius.

757 4296 892 4348 Plut.
909 4295 1030 4345 Ant.

758 4422 889 4476 nor.
906 4422 1025 4473 Dio.

1079 4130 1267 4183 verat.
1352 4120 1438 4182 Et
1459 4120 1753 4202 quamvis,
1797 4128 2037 4201 propter
2068 4118 2329 4199 inopiam
2353 4135 2551 4197 aquae,
2568 4124 2641 4176 et
2674 4123 2991 4195 acceptum

1081 4220 1161 4281 ab
1189 4220 1463 4279 Antonio
1500 4217 1939 4289 detrimentum,
1976 4215 2096 4276 alio
2137 4224 2383 4277 coactus
2416 4222 2548 4274 erat
2584 4232 2650 4273 se
2684 4214 2988 4292 recipere:

1078 4316 1287 4399 hyems
1309 4336 1469 4376 mare
1493 4313 1833 4375 claudebat.

1099 4410 1107 4417 ’
1161 4422 1265 4476 24.·
1290 4412 1528 4475 Idcirco
1554 4410 1784 4485 Caesar,
1806 4410 2119 4491 impatiens
2140 4428 2339 4482 morae,
2376 4408 2637 4469 fortassis
2654 4405 2835 4467 etiam
2864 4422 2989 4467 su·-
