3300 5234
795 532 971 605 5128

1757 552 1826 603 ‘l'-
1875 554 2070 611 [alvu

1196 702 1225 757 1
1238 704 1298 759 4.
1341 696 1438 757 At
1466 696 1814 770 Bellovaci,
1845 718 1982 760 cum
2023 716 2214 779 neque
2255 696 2558 759 discedere
2593 692 2900 767 auderent,
2925 696 3012 757 vi-

1112 792 1236 855 cini
1272 794 1458 855 hostis
1498 804 1685 866 metu,
1725 814 1916 875 neque
1960 794 2186 854 diutius
2227 814 2568 874 permanere
2611 794 2736 853 sine
2781 794 3016 853 cibariis

1048 911 1058 919 ·
1114 898 1375 969 possent,
1401 890 1643 971 plenum
1673 889 2024 951 calliditatis
2047 891 2355 951 consilium
2379 892 2640 971 capiunt.
2725 888 2870 949 Mos
2891 897 3019 949 erat

1114 984 1433 1047 Gallorum
1462 995 1528 1047 ut
1562 988 1621 1047 in
1667 989 1796 1047 acie
1833 1008 1948 1047 non
1991 995 2216 1047 starent
2253 988 2544 1057 instructi,
2569 986 2674 1045 sed
2707 984 3016 1045 sederent:

1111 1102 1231 1163 quo
1252 1084 1443 1143 minus
1470 1092 1609 1143 ante
1633 1084 1908 1165 praelium
1929 1085 2084 1143 vires
2107 1092 2610 1143 consumerentur.
2651 1080 2808 1141 Tum
2835 1082 3018 1141 etiam

1111 1177 1303 1240 fasces
1338 1188 1788 1241 stramentorum
1833 1190 2012 1261 atque
2049 1178 2453 1259 virgultorum,
2495 1198 2746 1259 quorum
2791 1196 3020 1237 summa

1110 1285 1243 1335 erat
1282 1276 1355 1337 iis
1392 1271 1593 1357 copia,
1638 1276 1984 1347 effecerant,
2037 1276 2252 1357 quibus
2301 1273 2636 1335 insiderent.
2723 1273 2868 1337 Hos
2917 1294 3020 1354 per

1112 1392 1319 1433 manus
1354 1372 1506 1433 inter
1530 1392 1593 1433 se
1630 1373 1880 1433 traditos
1906 1380 2042 1433 ante
2069 1374 2318 1453 primam
2355 1371 2542 1431 aciem
2567 1370 2946 1431 collocarunt
2965 1390 2981 1430 ε
2997 1374 3016 1403 ¹

1110 1477 1174 1529 et
1195 1471 1307 1530 sub
1332 1490 1637 1551 vesperam
1657 1470 1798 1543 diei,
1825 1491 1944 1551 quo
1963 1486 2224 1550 tempore
2243 1490 2307 1529 se
2332 1470 2624 1551 recepturi
2649 1478 2822 1527 erant
2843 1465 3020 1529 simul

1111 1566 1191 1625 ab
1218 1564 1377 1626 om'ni
1402 1567 1535 1629 loco
1576 1566 1978 1628 incenderunt.
2064 1565 2222 1626 Cum
2257 1565 2525 1626 sublatus
2549 1564 2846 1625 maximus
2871 1564 3022 1642 ignis

1110 1670 1286 1733 esset,
1314 1664 1479 1744 isque
1522 1673 1906 1746 conspectum
1946 1661 2264 1723 Gallorum
2308 1660 2538 1723 Caesari
2571 1659 2882 1733 adimeret,
2920 1659 3020 1719 ille

1110 1769 1309 1821 tamen
1336 1760 1480 1841 quid
1508 1770 1778 1841 ageretur
1799 1761 2003 1821 solerti
2028 1762 2371 1840 conjectura
2391 1758 2831 1838 assequebatur.
2899 1756 3020 1820 Sed

1112 1858 1383 1937 persequi
1410 1856 1706 1937 fugientes
1723 1866 1890 1919 tanto
1915 1859 2156 1936 objecto
2180 1854 2452 1916 incendio
2475 1875 2590 1915 non
2621 1862 2894 1935 poterat:
2936 1864 3018 1927 et,

1112 1974 1187 2015 ne
1212 1955 1362 2016 forte
1388 1954 1611 2015 alicubi
1636 1956 1698 2015 in
1725 1954 1954 2015 insidiis
1979 1954 2193 2015 lateret
2213 1954 2421 2025 hostis,
2449 1952 2718 2013 timebat.

1194 2058 1299 2113 15.
1342 2052 1682 2125 Bellovaci,
1724 2054 1838 2113 hoc
1881 2051 2252 2113 vaframento
2307 2050 2544 2131 impune
2585 2048 2859 2128 digressi,
2903 2068 3021 2109 non

1112 2148 1348 2228 longius
1378 2147 1519 2209 inde
1562 2146 1826 2209 millibus
1867 2146 2076 2209 decem
2103 2148 2494 2208 munitissimo
2535 2145 2667 2207 loco
2691 2154 2894 2205 castra
2917 2166 3024 2226 po-

1110 2254 1374 2305 suerunt.
1460 2244 1619 2317 Cum
1671 2246 2016 2306 subsecutus
2063 2243 2266 2304 Coesar
2309 2251 2482 2314 esset,
2529 2241 2704 2302 Galli
2755 2241 3024 2301 locorum

1111 2340 1307 2420 adjuti
1358 2340 1595 2421 peritia,
1648 2341 1860 2401 crebra
1907 2338 2356 2421 pabulatoribus
2405 2338 2627 2399 damna
2669 2337 3025 2399 inferebant.

1116 2436 1211 2496 Eo
1254 2457 1523 2497 successu
1566 2438 1886 2497 animosior
1927 2435 2206 2507 Correus,
2255 2434 2504 2495 delectis
2547 2454 2626 2495 ex
2659 2435 2822 2495 omni
2845 2435 3027 2515 copia

1108 2554 1219 2594 sex
1246 2533 1514 2613 peditum
1552 2532 1836 2605 millibus,
1858 2552 1991 2593 cum
2019 2532 2318 2612 equitibus
2343 2530 2529 2602 mille,
2553 2551 2674 2611 quo
2701 2530 2838 2591 loco
2862 2530 3026 2591 futu-

1112 2648 1243 2689 rum
1284 2630 1538 2711 putabat
1574 2638 1642 2689 ut
1684 2628 1948 2689 Romani
1987 2626 2388 2687 frumentandi
2429 2648 2614 2689 causa
2646 2626 3026 2701 accederent,

1108 2725 1275 2807 quod
1296 2726 1497 2787 omnia
1522 2728 1688 2788 circa
1712 2728 1848 2811 jam
1884 2725 2126 2785 desecta
2155 2734 2346 2796 erant,
2386 2727 2446 2785 in
2481 2724 2709 2785 insidiis
2731 2724 3024 2785 consedit.

1112 2821 1384 2903 Campus
1408 2832 1539 2884 erat
1560 2822 1722 2883 baud
1750 2819 2002 2903 amplius
2025 2820 2192 2881 mille
2217 2830 2424 2901 patens
2451 2842 2678 2903 passus,
2705 2840 2886 2902 quem
2913 2822 3024 2882 im-

1110 2920 1495 2999 peditissimae
1514 2920 1707 3001 sylvae
1747 2940 1786 2980 a
1809 2920 2022 2979 ceteris
2046 2920 2336 3001 partibus,
2363 2921 2442 2980 ab
2467 2939 2586 2980 una
2609 2917 2830 2979 flumen
2851 2918 3020 2983 altis-

1110 3016 1323 3076 simum
1350 3017 1649 3096 cingebat.

1078 3168 1083 3173 .
1196 3120 1293 3173 16.
1334 3112 1458 3173 Sed
1485 3134 1520 3175 e
1543 3113 1782 3195 captivo
1807 3112 2091 3193 quodam,
2115 3112 2340 3183 caesar,
2361 3114 2600 3193 cognita
2617 3112 2850 3186 fraude,
2877 3114 3018 3175 insi-

1110 3208 1401 3271 diatorem
1446 3230 1555 3271 suo
1586 3220 1720 3271 astu
1766 3211 2076 3291 petiturus,
2116 3211 2470 3291 equitatum,
2505 3212 2850 3293 interposita
2902 3212 3018 3273 levi

1112 3317 1429 3379 armatura,
1476 3308 1814 3390 praemittit:
1879 3310 2002 3389 ipse
2046 3310 2182 3369 cum
2239 3308 2567 3387 legionibus
2602 3310 2788 3369 citato
2827 3309 3015 3389 gradu

1110 3405 1502 3486 subsequitur.
1590 3406 1721 3465 Ubi
1749 3406 1999 3487 primum
2037 3406 2094 3463 in
2122 3425 2334 3485 campo
2359 3407 2664 3487 conspecti
2689 3416 2826 3467 sunt
2849 3406 3016 3487 equi-

1114 3510 1227 3573 tes,
1281 3501 1558 3575 Correus,
1606 3522 1746 3563 cum
1797 3493 2002 3583 paucis
2049 3522 2386 3575 occurrens,
2437 3504 2694 3564 conserit
2735 3524 3012 3565 manum:

1048 3681 1054 3687 .
1110 3596 1329 3661 deinde
1354 3599 1571 3679 plures,
1598 3608 1894 3680 postremo
1921 3600 2150 3679 pedites
2173 3618 2253 3659 ex
2279 3600 2466 3680 sylvis
2491 3588 2824 3682 erumpunt.
2885 3600 3014 3662 Re-

1114 3706 1382 3778 pugnant
1404 3696 1714 3767 fortissime
1743 3694 1996 3757 Caesaris
2019 3698 2270 3777 equites,
2298 3698 2446 3759 levis
2481 3705 2790 3761 armaturae
2815 3700 3015 3781 praesi-

1110 3793 1219 3855 dio
1242 3792 1465 3873 adjuti:
1508 3792 1702 3853 donec
1741 3793 1962 3853 crebris
1986 3794 2202 3855 nuntiis
2243 3795 2354 3873 ipsi
2394 3794 2706 3874 hostesque
2741 3797 3017 3857 certiores

1114 3889 1261 3951 facti
1282 3900 1443 3963 sunt,
1472 3890 1774 3950 Caesarem
1797 3910 1933 3951 eum
1955 3890 2251 3951 instructis
2270 3891 2598 3969 legionibus
2625 3890 2848 3953 adesse.
2891 3892 3014 3954 Ea-

1110 3986 1253 4047 dem
1276 4008 1369 4047 res
1390 3996 1454 4048 et
1478 3985 1888 4047 Romanorum
1923 3987 2114 4057 auxit,
2151 3995 2214 4046 et
2251 3987 2504 4061 hostium
2535 3987 2712 4067 fregit
2749 3990 3012 4050 animos:

1112 4092 1177 4143 et
1208 4086 1434 4165 majore
1474 4092 1641 4165 parte
1687 4102 1921 4143 suorum
1967 4083 2202 4155 amissa,
2249 4084 2562 4167 Bellovaci
2599 4086 2661 4145 in
2709 4084 2912 4165 fugam
2951 4108 3014 4147 se

1102 4184 1509 4261 conjecerunt.
1592 4179 1720 4241 Sed
1743 4180 1954 4241 irretiti
1977 4180 2198 4241 eisdem
2227 4180 2488 4245 locorum
2510 4182 2840 4259 fraudibus,
2867 4206 3016 4265 quas

1632 4426 1660 4473 1
1699 4420 2046 4475 comerent-unt
2069 4421 2189 4475 edd.
2213 4428 2340 4475 ante
2359 4422 2514 4477 Crev.
