3300 5234
824 595 1031 644 unm
1082 596 1203 643 cv.
1248 594 1905 646 suranus-mrum·
2295 574 2472 645 5067

234 738 519 801 Ceterum
560 736 891 819 Pompeius
924 738 1293 819 Crassusque
1326 737 1615 811 consules,
1646 738 1800 799 alter
1825 746 2034 800 auctor
2059 758 2151 798 re-

232 835 490 896 ducendi
530 836 709 915 regis,
738 834 989 896 Crassus
1022 844 1271 917 accepta
1308 855 1347 896 a
1384 835 1650 896 Gabinio
1693 838 1968 917 pecunia,
1996 838 2154 915 (tum

232 934 389 995 enim
414 932 617 994 adhuc
642 934 705 993 in
734 934 905 995 Urbe
926 937 1106 1012 erat,)
1132 934 1281 994 nihil
1309 933 1549 995 decerni
1568 935 1864 995 sinebant.
1935 934 2068 995 Res
2095 934 2154 995 iu

234 1050 451 1091 annum
476 1040 827 1113 sequentem
853 1039 1148 1093 extracta.

308 1134 415 1189 48.
462 1127 711 1191 Interea
744 1128 822 1190 C.
852 1130 1055 1189 Caesar
1095 1130 1377 1211 Usipetes
1406 1128 1844 1211 Tencterosque
1871 1128 2154 1190 Rhenum
2199 1136 2484 1188 Plancos.

232 1236 627 1305 tramgressos
660 1227 719 1287 in
757 1226 971 1288 Gallia
1004 1228 1169 1289 vicit.
1253 1225 1457 1288 Causa
1490 1226 1613 1288 illis
1642 1227 1988 1288 transeundi
2019 1227 2154 1299 fuit,
2179 1204 2485 1331 ἓιῐξιέιξῇθ·

234 1324 397 1405 quod
442 1324 719 1406 pluribus
760 1326 934 1385 anuis
984 1326 1149 1386 bello
1196 1324 1525 1385 Suevorum
1572 1327 1887 1405 exagitati,
1932 1327 2160 1407 patrios
2181 1336 2301 1384 Dio.
2353 1334 2486 1383 mor.

234 1420 383 1483 fines
424 1422 590 1483 ultra
633 1412 784 1483 tueri
830 1442 947 1482 non
992 1430 1291 1505 poterant.
1392 1422 1589 1502 Igitur
1632 1442 1770 1483 cum
1816 1442 1924 1505 per
1967 1424 2162 1484 varias
2183 1402 2406 1514 ’ᾗζέῗᾶο
2421 1462 2486 1513 Β.

239 1518 589 1581 Germaniae
626 1530 825 1601 partes
868 1522 1093 1600 vagati,
1138 1530 1435 1603 postremo
1477 1520 1557 1581 ad
1600 1520 1888 1582 Rhenum
1929 1541 2160 1581 amnem
2185 1531 2322 1582 Gall.
2337 1544 2415 1581 xv.
2515 1546 2522 1555 ·

237 1618 665 1697 pervenissent,
692 1638 814 1700 qua
851 1618 1269 1701 Menapiorum
1297 1640 1439 1698 gens
1462 1628 1778 1700 utramque
1803 1620 1992 1701 ripam
2019 1618 2164 1678 aedi-

236 1714 391 1776 ficiis
428 1716 703 1796 vicisque
743 1716 1088 1786 obtinebat;
1138 1736 1255 1776 non
1296 1726 1433 1777 sunt
1476 1717 1716 1777 admissi
1757 1738 1796 1777 a
1841 1716 2165 1797 Menapiis,

236 1812 363 1892 qui,
392 1813 671 1873 retractis
709 1814 771 1873 in
808 1812 1117 1875 Gallicam
1152 1814 1343 1895 ripam
1378 1816 1509 1881 suis.
1534 1814 1831 1887 omnibus,
1857 1814 2169 1874 transitum

238 1911 433 1971 amnis
456 1910 899 1973 custodiebant.

314 2014 425 2069 49.
472 2007 787 2079 Germani,
814 2006 1095 2069 simulato
1118 2008 1407 2081 discessu,
1434 2007 1595 2089 quod
1620 2007 1802 2068 tridui
1834 2006 2030 2089 spatio
2059 2002 2172 2067 iter

240 2104 653 2178 confecerant,
691 2094 813 2166 una
852 2114 1025 2167 nocte
1064 2126 1203 2167 cum
1244 2107 1547 2187 equitibus
1580 2106 1852 2176 remensi,
1887 2102 2174 2186 quemad·

240 2202 489 2263 modum
520 2212 924 2285 speraverant,
959 2203 1279 2285 Menapios
1314 2203 1391 2263 ad
1418 2203 1694 2284 pristinas
1717 2202 1886 2263 sedes
1911 2222 2178 2263 reversos

238 2310 687 2381 oppresserunt.
769 2300 1055 2362 Navibus
1094 2299 1312 2361 deinde
1355 2300 1613 2382 captivis
1657 2300 2002 2371 transvecti,
2041 2318 2179 2360 cum
2283 2312 2289 2317 ·

240 2398 519 2458 colentes
554 2398 615 2457 in
654 2397 843 2458 altera
876 2398 1009 2479 ripa
1046 2399 1215 2459 inscii
1248 2398 1511 2459 omnium
1539 2405 1758 2470 essent,
1784 2406 1914 2457 tota
1939 2397 2179 2475 regione

240 2505 570 2576 occupata,
614 2517 719 2576 per
766 2495 1056 2577 reliquam
1101 2496 1331 2577 hyemis
1373 2504 1605 2576 partem
1646 2494 1734 2555 ibi
1775 2494 2180 2557 substiterunt.

244 2591 407 2653 Mox
446 2613 489 2653 a
523 2593 885 2673 quibusdam
922 2592 1151 2654 Galliae
1176 2594 1523 2655 civitatibus
1554 2592 1942 2653 clandestinis
1967 2589 2184 2649 nuntiis

242 2691 463 2762 exciti,
506 2692 572 2749 in
614 2688 763 2751 fines
802 2690 1155 2751 Eburonum
1194 2700 1259 2751 et
1300 2689 1769 2761 Condrusorum,
1806 2688 1910 2770 qui
1951 2695 2078 2748 tum
2119 2686 2182 2745 in

240 2786 543 2849 clientela
579 2786 957 2849 Trevirorum
1004 2797 1196 2859 erant,
1240 2795 1666 2869 processerunt.
1753 2784 1982 2856 Caesar,
2023 2790 2184 2865 post-

242 2904 435 2963 quam
464 2884 545 2944 de
572 2885 666 2945 his
690 2886 867 2945 rebus
888 2886 1104 2947 certior
1126 2886 1322 2947 factus
1346 2893 1457 2957 est,
1484 2886 1698 2945 timens
1729 2904 1805 2944 ne
1833 2882 2050 2943 Gallos
2076 2900 2186 2962 pro

246 2981 662 3042 mutabilitate
685 2984 1017 3045 animorum
1041 2982 1173 3043 haec
1198 2984 1433 3043 occasio
1460 2984 1519 3042 in
1548 2981 1933 3042 rebellionem
1963 2985 2185 3058 ageret,

246 3078 525 3139 exercitu
550 3088 785 3150 coactu,
815 3080 929 3139 iter
956 3079 1035 3140 ad
1062 3100 1135 3140 ea
1162 3080 1297 3141 loca
1320 3080 1519 3141 facere
1544 3080 1746 3159 coepit.

322 3182 435 3234 50.
481 3174 562 3234 In
590 3194 665 3235 eo
690 3177 899 3237 itinere
944 3177 1129 3255 legati
1173 3176 1607 3237 Germanorum
1650 3180 2052 3243 occurrerunt,
2081 3191 2186 3230 ne·
2249 3190 2457 3257 Appias.

248 3291 371 3351 que
426 3271 827 3353 deprecantes
870 3273 1118 3345 bellum,
1173 3282 1237 3333 et
1288 3274 1613 3333 amicitiam
1665 3272 1850 3333 malle
1917 3267 2185 3351 professi,
2211 3257 2488 3374 ῗὼξῑῑὲῖ.

250 3368 441 3429 modo
472 3369 651 3429 daret
688 3390 893 3448 agrum
932 3370 1160 3439 Caesar,
1198 3377 1306 3429 aut
1342 3378 1541 3429 tenere
1582 3388 1761 3449 quem
1802 3372 2191 3447 occupassent
2361 3355 2376 3371 ’
2489 3353 2507 3371 ’

254 3472 590 3543 pateretur.
676 3466 1086 3538 Addiderunt,
1156 3476 1173 3502 ⁶
1204 3486 1332 3525 sese
1387 3468 1521 3526 unis
1573 3464 1788 3526 Suevis
1839 3462 2189 3535 concedere,

254 3561 487 3640 quibus
537 3582 614 3623 ne
668 3562 777 3623 Dii
824 3561 1064 3645 quidem
1116 3562 1479 3623 immortales
1528 3584 1704 3643 pares
1755 3582 1880 3621 esse
1930 3560 2190 3641 possint:

256 3658 567 3738 reliquum
594 3660 833 3739 quidem
875 3662 936 3720 in
972 3660 1143 3721 terris
1182 3680 1309 3720 esse
1348 3660 1668 3731 neminem,
1716 3678 1894 3740 quem
1935 3677 2054 3717 non
2096 3676 2194 3716 su·-

258 3774 481 3837 perare
536 3758 815 3837 possent!
898 3758 1107 3817 Caesar
1157 3756 1235 3816 ad
1287 3758 1419 3817 haec
1470 3757 1734 3836 negavit,
1778 3766 1796 3791 ‘
1819 3774 2029 3835 pacem
2079 3754 2197 3813 sibi

258 3872 409 3912 cum
436 3852 528 3913 his
552 3874 678 3913 esse
703 3874 899 3935 posse,
926 3854 1117 3915 donec
1142 3854 1263 3914 sint
1288 3856 1350 3914 in
1379 3853 1625 3915 Gallia:
1670 3855 1721 3913 si
1746 3852 1936 3914 velint
1961 3852 2020 3911 in
2051 3848 2200 3910 fines

262 3947 574 4009 Ubiorum
610 3950 959 4023 concedere,
986 3960 1257 4012 acturum
1296 3972 1359 4012 se
1393 3972 1532 4012 cum
1560 3952 1767 4023 Ubiis,
1806 3959 1876 4010 ut
1911 3968 2015 4010 eos
2049 3948 2200 4007 reci-

258 4046 465 4127 piant,
483 4068 805 4130 eorumque
829 4070 1013 4131 opera
1036 4058 1246 4111 contra
1272 4070 1643 4130 aggressores
1663 4048 1896 4109 Suevos
1917 4046 2202 4106 utantur!

260 4142 417 4225 Ipse
444 4165 583 4207 cum
607 4146 875 4207 exercitu
901 4146 1292 4227 progreditur.
1377 4146 1537 4207 Cum
1568 4148 1706 4227 jam
1745 4143 1908 4206 haud
1949 4141 2206 4223 amplius

253 4263 557 4325 panum
590 4242 909 4306 duodecim
948 4244 1141 4305 millia
1186 4246 1338 4305 inter
1380 4252 1662 4327 utrosque
1704 4245 2073 4313 interessent,
2115 4240 2204 4300 le-

264 4344 403 4419 gati
428 4350 819 4403 reverterunt.
904 4342 1149 4403 Horum
1173 4344 1368 4405 oratio
1390 4364 1466 4405 eo
1492 4343 1848 4425 pertinebat,
1892 4350 1909 4378 ‘
1931 4349 1998 4400 ut
2023 4338 2206 4400 tridui

156 4524 172 4531 ·
266 4438 393 4502 tibi
448 4440 707 4521 spatium
725 4424 733 4431 .
754 4439 1016 4513 daretur,
1070 4441 1233 4513 intra,
1270 4440 1431 4522 quod
1482 4450 1720 4523 tempus
1768 4439 1846 4500 de
1897 4437 2204 4500 voluntate
