3300 5234
842 544 1054 595 mani
1104 545 1303 597 cxn.
1350 546 2000 602 surranumvruu.
2357 534 2538 601 5233

284 690 447 770 pari,
491 689 827 772 pervicacia
870 693 1097 771 majore
1133 690 1447 767 insidebat,
1487 700 1551 753 et
1595 691 1674 754 C.
1707 692 1972 766 Cassius,
2013 692 2214 754 multis

282 788 327 847 J
334 788 581 849 ulianis‘
600 789 663 849 in
706 787 921 849 Sicilia
958 789 1351 849 concrematis
1384 790 1662 863 navibus,
1687 800 2004 873 postquam
2037 811 2209 853 acce-

284 893 516 965 perant
536 882 615 947 de
642 884 873 967 praelio,
900 904 1037 945 cum
1060 883 1251 945 classe
1274 883 1684 948 discesserunt.
2181 904 2188 913 ·

368 992 439 1045 6.
484 982 710 1065 Neque
742 984 909 1065 piget
941 982 1274 1065 principum
1306 985 1589 1056 virorum,
1616 984 1800 1045 etiam
1825 984 2210 1063 singulorum,

284 1081 547 1143 consilia
582 1078 801 1141 referre
840 1088 907 1141 et
936 1078 1087 1141 fata.
1171 1078 1313 1140 Duo
1340 1079 1524 1141 ferme
1550 1100 1766 1159 genera
1789 1090 1956 1141 erant
1981 1082 2212 1143 univer·-
2237 1098 2356 1149 Dio.

284 1179 430 1237 sim.
516 1177 645 1245 Qui
671 1176 927 1237 Gaesaris
958 1175 1277 1239 clementia
1302 1175 1485 1237 fidere
1511 1184 1808 1258 poterant,
1835 1176 2030 1239 ubivis
2053 1178 2213 1239 loco-
2239 1161 2456 1229 ΑΡΡΜ·

286 1295 431 1335 rum
468 1276 891 1346 subsistebant,
916 1272 1110 1333 donec
1148 1293 1255 1355 per
1292 1272 1732 1354 deprecatores,
1757 1272 1904 1353 quid
1940 1271 2070 1335 fieri
2107 1273 2213 1335 ille

274 1372 510 1444 vellet,
549 1373 979 1453 comperirent:
1022 1371 1207 1431 ceteri
1250 1371 1469 1450 quibus
1508 1370 1694 1431 nimia
1731 1370 1876 1431 odia
1915 1370 2218 1451 quidlibet

287 1472 487 1531 tutius
512 1489 693 1550 quam
718 1468 973 1529 emis
996 1468 1309 1529 arbitrium
1332 1466 1619 1539 fecerant,
1644 1466 1902 1529 ubilibet
1927 1476 2213 1530 terrarum

286 1568 683 1629 rebellionem
708 1566 1167 1627 meditabantur.
1236 1565 1321 1633 Q.
1345 1564 1563 1626 Cicero
1587 1564 1771 1638 filius,
1791 1585 1926 1627 cum
1948 1564 2216 1648 Corcyra
2272 1590 2378 1644 cic.
2410 1592 2474 1641 ad

287 1666 723 1738 discederetur,
748 1664 977 1725 Patras
998 1665 1185 1735 venit,
1216 1664 1320 1723 ubi
1346 1671 1515 1744 pater
1536 1664 1670 1743 ejus
1693 1671 1820 1725 tum
1846 1663 2082 1742 agebat,
2111 1666 2214 1744 qui
2238 1657 2346 1707 Ast·
2381 1674 2457 1709 xx.
2486 1663 2538 1709 ⁵·

289 1784 427 1825 una
462 1782 603 1825 eum
640 1762 845 1823 multis
873 1760 1009 1821 aliis
1032 1760 1403 1821 senatoribus
1430 1758 1509 1820 ad
1537 1758 1778 1821 Fufium
1811 1758 2110 1821 Kalenum
2149 1781 2214 1822 se
2236 1730 2292 1774 εἰ
2313 1728 2397 1775 ιδ’

290 1860 581 1932 contulit,
606 1877 784 1939 quem
818 1878 859 1953 ⁰:
894 1856 1133 1917 Caesare
1166 1856 1407 1917 missum
1442 1854 1619 1916 fuisse
1648 1857 1708 1915 in
1737 1854 2039 1919 Achaiam
2063 1876 2211 1937 prae·
2268 1887 2442 1952 Supra,

290 1958 585 2018 diximus.
668 1954 771 2015 Ex
810 1974 883 2014 eo
916 1972 1159 2015 numero
1198 1950 1331 2013 Ser.
1365 1951 1688 2035 Sulpicius,
1731 1951 1820 2013 A.
1854 1952 2212 2033 Torquatus,
2237 1968 2348 2031 0¹1,-
2361 1956 2446 2004 ⁴2·

300 2055 403 2116 Μ.
432 2052 763 2115 Marcellus
796 2050 1057 2113 Athenis
1090 2050 1511 2111 sub-tioemnt:
1554 2051 1615 2110 in
1655 2050 2006 2131 Bithyniam
2039 2070 2104 2111 ω
2138 2051 2212 2112 Τ.
2239 2016 2378 2132 2231
2396 2016 2470 2130 εξ,
2489 2085 2540 2130 2,

298 2152 613 2213 Antistius
647 2149 726 2211 ad
764 2148 1066 2209 hominem
1090 2147 1441 2207 familiarem
1466 2146 1556 2209 A.
1585 2146 1898 2208 Plautium
1917 2150 1936 2179 ¹
1965 2148 2216 2229 recepit,
2241 2156 2293 2195 et
2310 2148 2470 2197 mla.
2489 2152 2544 2194 οἱ

298 2226 623 2331 pluresque
654 2248 771 2319 alii
802 2267 909 2328 per
942 2245 1205 2307 diversas
1242 2244 1413 2306 Asiae
1447 2246 1784 2325 provincias
1814 2246 2058 2306 victoris
2091 2243 2214 2305 cle-
2241 2212 2542 2340 33⁸3?

298 2346 591 2407 mentium
622 2351 1033 2427 expectarunt.
1114 2341 1327 2421 Atque
1364 2340 1457 2401 bis
1489 2342 1764 2401 omnibus
1795 2362 1982 2423 ocyus
2009 2341 2216 2413 serius,
2240 2342 2350 2395 tim.

300 2451 373 2503 ut
396 2443 613 2523 cuique
637 2462 763 2503 sors
784 2440 921 2512 fnit,
948 2438 1175 2518 ignovit
1202 2438 1428 2509 Cesar,
1448 2437 1822 2518 quorundam
1839 2440 2018 2499 etiam
2037 2456 2219 2519 opera
2272 2464 2479 2515 Sueten.

298 2538 592 2621 deinceps
624 2558 763 2598 usus
792 2546 905 2608 est,
928 2536 1426 2615 magistratusque
1460 2533 1533 2593 iis
1566 2542 1629 2593 et
1659 2536 1992 2615 provincias
2029 2532 2217 2594 dedit.
2244 2528 2371 2583 0⁸2⁸·
2392 2534 2477 2580 ⁷⁶·

304 2636 407 2697 At
429 2638 647 2717 quibus
670 2654 954 2696 renovare
978 2632 1205 2694 bellum
1232 2631 1483 2713 placuit,
1510 2632 1728 2713 partim
1752 2632 1814 2691 in
1839 2632 1968 2713 ipso
1997 2640 2216 2693 conatu

298 2734 557 2795 extincti
580 2741 741 2804 sunt,
765 2731 1033 2814 plerique
1056 2730 1119 2791 in
1146 2727 1425 2791 Africam
1450 2750 1515 2789 se
1538 2729 1934 2790 contulerunt.

392 2838 453 2894 7.
498 2830 849 2912 Pompeius,
876 2829 965 2889 uti
1000 2827 1283 2899 diximus,
1317 2846 1357 2887 e
1384 2827 1595 2889 castris
1627 2826 1750 2887 suis
1781 2845 1938 2907 equo
1961 2824 2215 2905 fugiens,
2241 2840 2370 2894 mor.
2393 2860 2468 2895 xv.
2487 2848 2539 2895 a.

308 2928 642 2999 larisam,
686 2926 825 2988 inde
850 2947 955 3008 per
976 2924 1327 2987 Thessalica
1351 2923 1601 3006 Tempe,
1629 2925 1814 2984 etiam
1851 2944 1956 3005 per
1979 2932 2214 2985 noctem
2237 2908 2549 3039 fflffigssg:

307 3025 655 3086 continuato
676 3044 872 3096 cursu,
918 3042 1055 3084 cum
1092 3022 1393 3102 equitibus
1434 3021 1678 3100 triginta
1716 3018 1794 3081 ad
1829 3040 1992 3081 mare
2029 3020 2213 3081 venit.
2242 3038 2461 3103 Appiam.

314 3120 415 3181 Ibi
458 3140 783 3183 conscenso
830 3140 1019 3201 parvo
1059 3126 1123 3179 et
1170 3116 1446 3180 fluviatili
1492 3118 1756 3196 navigio,
1798 3116 2042 3199 paulum
2081 3136 2217 3198 pro-
2243 3102 2549 3219 35:233·

310 3226 543 3289 vectus,
578 3218 639 3277 in
664 3218 821 3277 ostio
847 3216 1044 3277 Penei
1070 3214 1260 3277 amnis
1282 3214 1611 3275 onerariam
1636 3214 1955 3295 conspexit
1991 3232 2218 3294 praeve·
2243 3232 2374 3285 Plut.

309 3315 572 3385 beatem,
594 3314 945 3394 agnitusque
966 3332 1005 3373 a
1022 3310 1263 3372 domino
1282 3311 1474 3381 navis,
1498 3318 1627 3370 tum
1645 3311 1908 3371 maxime
1925 3311 2220 3371 somnium

312 3432 481 3473 suum
519 3418 859 3492 exponente
900 3408 1259 3479 vectoribus,
1304 3416 1613 3489 susceptus
1653 3416 1764 3467 est.
1847 3406 2091 3488 Quippe
2117 3426 2222 3488 per

314 3510 600 3589 quietem,
641 3506 1005 3589 Pompeium
1030 3505 1205 3584 longe
1228 3504 1451 3586 dispari
1476 3524 1660 3585 quam
1683 3524 1810 3565 esse
1833 3514 2222 3565 consueverat

315 3607 477 3667 cultu
506 3625 679 3687 opem
716 3624 885 3665 suam
924 3610 1343 3685 exposcentem
1375 3602 1627 3664 viderat.
1708 3600 2226 3663 Transcenderunt

312 3724 449 3764 cum
474 3724 549 3763 eo
576 3702 647 3763 L.
676 3700 985 3771 Lentulus,
1022 3700 1127 3781 qui
1162 3699 1465 3780 superiore
1490 3717 1647 3758 anno
1673 3698 1879 3759 consul
1907 3697 2122 3769 fuerat,
2157 3707 2222 3757 et
2244 3720 2551 3774 venam-za.

314 3798 398 3860 P.
420 3798 703 3859 Lentulus
714 3796 1065 3868 consularis,
1080 3804 1144 3857 et
1162 3794 1257 3856 M.
1281 3794 1585 3857 Favonius
1602 3794 1934 3875 praetorius.
1983 3792 2220 3854 Deinde

210 3896 241 3935 s
310 3905 375 3957 et
396 3916 598 3976 regem
627 3894 1005 3975 Dejotarum,
1038 3912 1195 3973 equo
1232 3900 1645 3973 properantem
1673 3890 1753 3952 ad
1779 3890 1952 3952 littus
1985 3890 2218 3971 conspi-
2242 3908 2380 3959 Pht.

310 3994 455 4066 cati,
498 4012 795 4073 recepere.
2271 3980 2278 3987 ⁶

392 4098 453 4151 8.
499 4088 654 4151 Inde
699 4108 804 4170 per
847 4086 1262 4148 Thermaicum
1310 4084 1525 4157 sinum,
1575 4092 1641 4144 et
1683 4082 1968 4163 deinceps
2008 4088 2220 4163 praeter

316 4186 743 4251 Macedoniam
782 4186 964 4257 vecti,
1001 4182 1079 4245 ad
1105 4181 1523 4265 Amphipolim
1545 4182 1828 4262 jecerunt
1865 4178 2217 4241 anchoram:
2245 4192 2375 4246 ces.

319 4358 407 4471 ²91
446 4352 703 4405 Plancium
722 4350 847 4403 edd.
868 4358 993 4404 ante
1016 4350 1171 4403 Crev.
1204 4346 1438 4401 correxit
1471 4346 1562 4399 ille
1594 4360 1664 4399 ex
1687 4345 1800 4398 Cic.
1833 4344 1900 4397 ad
1924 4345 2070 4399 Fam.
2093 4359 2223 4399 xm.
