3300 5234
744 482 921 555 mo
1706 502 1780 559 r.
1829 506 2018 556 mvn

1070 647 1364 730 perterriti
1399 650 1656 711 hostium
1689 652 1831 732 equi
1865 650 1944 711 ad
1975 660 2356 733 conspectum
2389 650 2592 715 eoru'm
2621 646 2844 735 pavore
2877 646 2990 717 a'u·

1070 746 1432 808 ferebantur.
1517 747 1641 809 Sed
1683 750 1786 808 ubi
1814 749 1984 827 jussu
2027 749 2282 810 Caesrrris
2317 754 2693 832 transportati
2731 761 2874 814 sunt
2905 768 2990 815 ex

1076 844 1265 906 Italia
1296 845 1587 918 nonnulli,
1613 846 1906 928 frequenti
1944 846 2154 907 horum
2189 856 2254 907 et
2286 846 2534 909 innoxio
2567 850 2694 911 visu
2733 852 2874 931 equi
2909 852 2992 911 ti-

747 946 865 998 nio.
1074 962 1233 1003 mere
1268 942 1589 1005 desierunt.
2741 1024 2745 1028 .

782 1061 931 1111 Aua,
955 1060 1017 1111 de
1154 1047 1257 1101 14.
1316 1040 1565 1102 Interim
1612 1042 1876 1104 adventu
1927 1064 2036 1105 suo
2081 1064 2187 1125 per
2230 1044 2454 1126 oppida
2499 1046 2756 1105 nuntiari
2792 1046 2991 1125 jusso,

750 1127 815 1177 Β·
836 1126 949 1180 Μ’·
1076 1138 1293 1199 multos
1332 1140 1563 1200 excivit
1607 1139 1834 1211 Caesar,
1883 1150 1952 1203 ut
1995 1140 2076 1199 ad
2121 1161 2258 1201 eum
2303 1142 2594 1201 adeuntes
2636 1142 2714 1202 de
2759 1145 2994 1205 acerbi-

1074 1245 1201 1298 tate
1245 1237 1754 1319 Pompeianorum
1799 1248 2200 1320 quererentur.
2304 1236 2626 1300 Hactenus
2667 1240 2828 1299 euim
2871 1260 2996 1302 non

1074 1332 1289 1415 ipsum,
1324 1334 1430 1395 sed
1476 1333 1738 1417 aliquem
1785 1334 2112 1413 legatorum
2158 1336 2292 1414 ejus
2325 1335 2556 1397 veniae
2595 1334 2996 1399 crediderant.

1078 1429 1199 1491 Ille
1220 1442 1417 1493 motus
1437 1432 1741 1495 hominum
1765 1432 2045 1514 querelis,
2073 1440 2138 1493 et
2161 1432 2550 1494 vastationem
2583 1432 2831 1508 Africae,
2854 1454 2996 1517 que

1074 1529 1473 1591 miserandum
1514 1530 1578 1591 iu
1620 1529 1863 1590 modum
1900 1516 2253 1603 vexabatur,
2281 1550 2397 1591 non
2439 1530 2657 1602 serens,
2683 1530 2892 1593 literas
2929 1534 2998 1593 in

1078 1626 1347 1688 Siciliam
1384 1627 1563 1698 misit,
1590 1628 1680 1687 uti
1713 1627 1838 1688 sine
1875 1627 2266 1689 eircusatione
2299 1628 2532 1708 hyemis
2563 1638 2998 1712 ventorumque

1074 1722 1384 1784 confestim
1428 1724 1806 1805 trajiceretur
1843 1725 2162 1786 exercitus.
2245 1724 2512 1805 Eratque
2549 1722 2602 1784 is
2641 1726 2819 1787 ardor
2855 1728 2998 1801 viri,

1078 1833 1147 1883 ut
1180 1819 1461 1903 postridie
1494 1842 1679 1902 quam
1713 1824 1986 1883 nuntium
2021 1821 2262 1883 miserat
2282 1820 2490 1883 oculos
2513 1831 2890 1905 mentemque
2915 1824 2996 1886 ad

1079 1938 1243 1981 mare
1281 1920 1567 1981 directam
1604 1929 1833 1992 tenens,
1861 1940 2042 1980 morae
2075 1919 2546 2001 mutationisque
2578 1938 2717 1981 suos
2751 1920 3000 1982 insimu-

1080 2014 1252 2078 laret.
1349 2015 1678 2077 Mordebat
1719 2018 2072 2077 acerrimum
2115 2016 2552 2097 imperatorem,
2595 2014 2758 2097 quod
2799 2036 3000 2098 neque

1076 2114 1381 2195 suppetias
1415 2112 1500 2175 ire
1538 2112 1720 2174 fidem
1769 2132 1936 2173 suam
1971 2112 2424 2194 implorantibus
2456 2120 2712 2193 poterat,
2751 2123 2819 2176 et
2859 2113 2999 2176 Sci-

1076 2211 1271 2293 pionis
1320 2210 1734 2272 insultationes
1776 2210 2041 2292 aspicere
2082 2208 2350 2291 quotidie
2391 2217 2571 2290 atque
2615 2209 2770 2271 ferre
2816 2230 3002 2291 eoge-

1079 2310 1275 2369 batur.

752 2408 1036 2523 Pffllsstc‘dli
1164 2412 1269 2465 15.
1310 2403 1483 2465 Nam
1516 2402 1643 2476 ille,
1679 2404 2074 2485 superioribus
2099 2402 2316 2484 praeliis
2346 2422 2584 2464 suornm
2609 2400 2826 2473 elatus,
2859 2422 3002 2464 cum

628 2502 635 2512 ’
755 2540 819 2593 Β.
840 2538 946 2591 Ast·
1084 2520 1193 2584 per
1234 2501 1466 2582 aliquot
1504 2502 1812 2563 continuos
1855 2500 1986 2561 dies
2031 2520 2149 2560 non
2195 2500 2370 2579 longe
2417 2518 2458 2558 a
2499 2500 2620 2559 suis
2657 2500 2872 2560 castris
2911 2500 3002 2560 in.

1080 2608 1313 2660 structa
1356 2598 1485 2660 acie
1528 2599 1806 2669 stetisset,
1855 2617 2048 2678 neque
2092 2596 2301 2656 Caesar
2343 2605 2552 2656 contra
2596 2595 2810 2667 exiret,
2855 2616 3004 2657 con-

1082 2705 1269 2757 temto
1310 2694 1555 2757 tandem
1594 2695 1764 2756 hoste
1801 2693 1880 2754 ad
1913 2704 2106 2754 castra
2145 2692 2307 2761 illius
2344 2712 2482 2752 cum
2521 2692 2834 2773 explicata
2869 2694 3002 2754 acie

1081 2802 1147 2853 et
1183 2793 1517 2874 elephantis
1555 2792 1860 2873 processit.
1945 2789 2041 2850 At
2081 2788 2286 2849 Coesar
2321 2788 2533 2849 castris
2567 2790 2812 2849 tenebat
2843 2808 3002 2861 suos,

1081 2894 1217 2971 quae
1262 2898 1472 2951 eontra
1515 2884 1852 2970 quamlibet
1892 2888 2016 2947 vim
2065 2885 2344 2957 hostium,
2390 2905 2634 2967 operum
2677 2894 3004 2949 tormento-

1082 3004 1331 3067 rumque
1382 2984 1762 3047 multitudine
1813 2992 1877 3045 et
1919 2982 2223 3054 firmitate,
2269 2990 2334 3043 et
2377 2983 2520 3062 quia
2565 3002 2827 3062 praesens
2877 2984 3004 3064 ipse

1084 3092 1235 3154 erat,
1275 3084 1419 3143 satis
1462 3083 1814 3143 muniverat.
1897 3078 2122 3159 Neque
2159 3078 2240 3139 de
2273 3078 2527 3140 victoria
2565 3078 2722 3139 male
2761 3096 3007 3161 sperans

1086 3182 1246 3241 intra
1284 3180 1513 3242 vallum
1558 3180 1866 3241 manebat.
1961 3174 2087 3237 Sed
2127 3176 2272 3258 quia
2315 3194 2453 3237 cum
2497 3178 2706 3257 paucis
2749 3185 2817 3237 et
2859 3178 3006 3239 tiro·

1086 3278 1261 3338 nibus
1284 3278 1519 3339 vincere
1554 3277 1682 3337 sine
1711 3275 1902 3336 multo
1925 3294 2160 3335 suorum
2185 3274 2470 3353 sanguine
2495 3274 2804 3353 nequibat,
2833 3282 3004 3355 turpe

993 3370 1010 3385 “
1087 3376 1348 3446 rebatur,
1390 3382 1524 3454 post
1567 3381 1660 3433 tot
1701 3372 1970 3434 devictos
2011 3371 2272 3432 hostium
2317 3370 2634 3441 exercitus,
2681 3390 2820 3431 cum
2865 3366 3004 3431 reli-

1087 3470 1241 3551 quiis
1260 3474 1288 3502 ²
1348 3478 1713 3553 pugnantem
1762 3478 2067 3531 cruentam
2117 3468 2442 3529 existimari
2495 3466 2762 3528 remiisse
2813 3468 3006 3530 victo·

1088 3588 1258 3631 riam.

1168 3674 1271 3728 16.
1316 3664 1395 3727 In
1431 3684 1505 3726 eo
1538 3672 1699 3727 statu
1739 3682 1930 3723 rerum
1965 3658 2113 3721 licet
2143 3659 2408 3741 superior
2443 3658 2652 3741 Scipio
2685 3658 3004 3732 videretur,

1089 3764 1263 3825 multi
1302 3772 1501 3823 tamen
1546 3781 1625 3822 ex
1661 3760 1870 3821 castris
1903 3761 2035 3839 ejus
2072 3752 2488 3838 profugiebant
2525 3753 2816 3816 Numidae
2857 3754 3006 3816 Gae-

1088 3861 1341 3942 tulique‚
1358 3879 1606 3941 quorum
1628 3858 1736 3919 alii
1763 3858 2114 3938 repetebant
2125 3854 2355 3925 domos,
2373 3852 2478 3913 alii
2493 3872 2558 3913 se
2573 3852 3008 3913 transferebant

764 3966 885 4018 Dio.
1089 3959 1170 4018 ad
1206 3959 1526 4028 Oaesarem,
1554 3976 1733 4037 quem
1771 3954 1848 4015 O.
1878 3953 2065 4014 Marii
2103 3950 2338 4013 affinem
2362 3970 2490 4012 esse
2514 3950 2872 4022 didicerant,
2897 3970 3004 4011 ctr-

765 4034 957 4151 3322·
971 4032 1035 4081 ‘¹⁰
1081 4058 1189 4136 jus
1232 4056 1459 4134 magnis
1502 4052 1809 4114 beneficiis
1847 4050 1960 4132 ipsi
2005 4051 2336 4129 majoresve
2377 4068 2582 4109 eorum
2620 4048 2854 4108 fuerant
2891 4048 3002 4108 usi.

1094 4152 1337 4214 Horum
1370 4151 1716 4213 illustriores
1751 4146 2043 4229 quosdam
2081 4146 2264 4206 mittit
2293 4164 2432 4205 cum
2469 4144 2676 4218 literis,
2711 4152 2779 4205 ut
2813 4164 3004 4227 popu·

1679 4364 1712 4410 2
1751 4359 1964 4423 Reliqui·
1987 4356 2108 4409 edd.
2132 4360 2256 4409 ante
2283 4358 2445 4409 Crev-
