3300 5234
711 576 887 643 5004

1678 594 1747 643 '1’-
1768 594 1983 679 §mvn
2040 596 2045 603 '

1037 740 1154 821 ipsi
1177 746 1441 819 agerent,
1467 746 1836 820 receperunt.
1920 737 1999 800 In
2024 738 2233 801 eastris
2256 734 2679 801 Helvetiorum
2702 740 2947 804 tabulas

1031 846 1298 918 repertae
1332 857 1458 897 esne
1499 835 1735 897 Graecis
1757 835 1943 897 literis
1965 835 2269 898 confectas
2295 835 2499 903 caem
2536 836 2805 911 tradidit,
2830 840 2943 901 ha-

1028 933 1276 996 rundem
1297 954 1488 995 rerum
1507 942 1717 994 auctor
1733 934 1894 995 idem
1909 933 2272 1015 scriptorque
2289 934 2789 1016 incomparabilis,
2804 938 2941 1017 qui·-

1029 1030 1145 1092 bus
1175 1032 1327 1093 ratio
1349 1031 1747 1093 contineretur
1782 1050 2060 1110 generum
2094 1033 2477 1113 capitumque
2514 1030 2939 1098 Helvetiorum

1027 1136 1094 1189 et
1115 1131 1429 1201 sociorum,
1451 1148 1586 1211 quae
1609 1128 1788 1189 domo
1812 1128 2093 1189 exissent.
2176 1128 2425 1190 Summa
2456 1138 2587 1190 erat
2611 1128 2939 1193 Helvetio-

901 1236 908 1243 '
1026 1246 1156 1287 rum
1181 1226 1376 1287 millia
1390 1226 1653 1289 ducenta
1676 1227 1988 1307 sexaginta
2005 1227 2157 1287 tria:
2198 1226 2589 1307 Tulingorum
2612 1226 2807 1289 millia
2828 1230 2937 1290 tri-

725 1910 932 1962 Sueton-

695 1976 824 2025 ens.
841 1994 889 2026 c.
911 1984 996 2031 25.

695 2040 896 2108 Eutrop.
921 2060 996 2094 vr.

1027 1324 1194 1403 ginta
1211 1344 1358 1385 sex:
1389 1324 1848 1405 Lacobrigorum
1862 1324 2346 1405 quatuordecim:
2375 1324 2791 1388 Rauracorum
2821 1326 2940 1388 tria

1027 1430 1092 1481 et
1104 1422 1354 1501 viginti:
1403 1420 1688 1482 Boiorum
1701 1420 1823 1482 duo
1840 1428 1903 1481 et
1918 1420 2189 1501 triginta:
2214 1421 2446 1493 horum,
2468 1422 2575 1503 qui
2598 1440 2765 1482 arma
2782 1422 2937 1485 ferre

1025 1528 1284 1601 possent,
1313 1518 1392 1581 ad
1415 1520 1604 1581 millia
1624 1519 1747 1581 duo
1770 1529 1835 1581 et
1856 1520 2197 1600 nonaginta.
2241 1520 2344 1580 Ex
2368 1520 2529 1580 omni
2552 1520 2667 1581 hoc
2691 1540 2937 1584 numero

977 1638 994 1655 ⁸
1023 1626 1256 1678 tantum
1279 1626 1515 1678 centum
1540 1626 1606 1678 et
1626 1618 1833 1679 decem
1860 1618 2051 1679 millia
2072 1616 2313 1679 domum
2334 1617 2650 1679 redierunt.
2928 1690 2941 1697 ,

1110 1720 1252 1781 136.
1295 1714 1444 1775 Hoc
1467 1716 1724 1796 primum
1753 1714 2011 1776 Caesaria
2036 1716 2097 1777 in
2126 1714 2337 1775 Gallia
2360 1714 2589 1776 bellum
2612 1713 2746 1787 fuit,
2774 1714 2935 1776 unde

1023 1828 1167 1873 mox
1207 1812 1332 1873 alia
1369 1813 1610 1893 aliaque
1647 1822 1878 1886 secuta,
1915 1813 2131 1895 quibus
2169 1812 2273 1874 ille
2315 1833 2421 1894 per
2466 1832 2653 1873 annos
2692 1831 2931 1885 novem,

1019 1916 1212 1968 totam
1249 1909 1330 1970 ad
1370 1907 1657 1970 Rhenum
1694 1929 2099 1989 oceanumque
2122 1908 2499 1991 perdomuit;
2542 1910 2723 1969 etiam
2746 1910 2933 1969 semel

1021 2006 1346 2088 iterumque
1387 2009 1644 2087 trajecto
1686 2006 1908 2068 Rheno
1944 2005 2329 2067 Germaniam
2370 2007 2681 2086 ingressus.
2762 2004 2933 2069 Haeo

1017 2105 1221 2166 omnia
1242 2124 1364 2184 quo
1387 2103 1627 2165 facilius
1652 2103 1980 2185 meliusque
2004 2112 2343 2175 noscantur,
2364 2105 2667 2183 regionum
2690 2102 2931 2163 illarum

1015 2201 1211 2273 situs,·
1249 2208 1312 2261 et
1337 2200 1552 2281 quibus
1575 2200 1687 2261 sub
1724 2220 1799 2264 ea
1832 2208 2103 2282 tempora
2128 2200 2403 2281 gentibus
2426 2200 2771 2262 inhabitatoe
2798 2200 2933 2261 fne-

1012 2296 1156 2368 rint,
1183 2316 1382 2378 operae
1409 2297 1663 2377 pretium
1688 2306 1779 2356 eet
1802 2316 2120 2378 exponere.

1101 2400 1241 2458 137.
1299 2393 1570 2455 Galliam
1613 2392 1881 2455 Romani
1922 2392 2224 2475 duplicem
2262 2394 2589 2475 antiquitus
2632 2390 2927 2469 fecerunt,

1014 2489 1284 2573 Alpibus
1307 2490 1609 2553 discretas.
1694 2490 1937 2552 Harum
1978 2512 2115 2573 quae
2138 2492 2230 2553 'ab
2256 2490 2463 2553 Roma
2496 2498 2588 2552 est
2620 2493 2927 2567 remotior,

1012 2606 1088 2650 ea
1117 2589 1233 2650 hoc
1266 2588 1562 2650 vocabulo
1595 2588 1893 2669 hodieque
1931 2598 2223 2650 censetur.
2306 2588 2403 2649 At
2444 2608 2625 2669 quam
2668 2588 2759 2649 illi
2798 2590 2927 2653 To-

1013 2694 1215 2765 gatam
1243 2693 1554 2757 vocarunt,
1584 2704 1720 2746 eam
1744 2686 2030 2768 posterior
2058 2694 2207 2746 aetas
2244 2685 2325 2745 ab
2358 2686 2525 2745 novis
2562 2685 2779 2747 ineolis
2815 2706 2925 2749 no-

1013 2781 1262 2842 minavit
1307 2780 1825 2862 Longobardiam:
1868 2802 2025 2842 nunc
2070 2780 2275 2843 Italioe
2318 2800 2459 2863 para
2496 2786 2609 2842 eat.
2690 2780 2925 2845 Veram

1013 2876 1288 2938 Galliam
1311 2888 1486 2939 vetus
1517 2888 1667 2940 aetaa
1700 2879 1763 2938 in
1800 2878 2181 2950 Braccatam,
2227 2878 2663 2958 Comatamque
2695 2876 2925 2944 divisit.

1013 2972 1340 3048 Braocate,
1392 2996 1527 3057 quoe
1575 2983 1640 3035 et
1696 2973 2128 3048 Narbonensi&
2183 2985 2357 3037 vetus
2394 2977 2599 3059 populi
2650 2972 2924 3039 Romani

715 3081 893 3147 Scalig.
1009 3071 1320 3150 provincia
1347 3071 1480 3133 fuit.
1563 3071 1880 3132 Comatam
1918 3071 2126 3132 Caesar
2158 3073 2453 3154 triplicem
2488 3072 2653 3145 fecit,
2693 3071 2924 3151 Belga·

679 3144 842 3197 Notit.
857 3146 988 3198 Gau.

1010 3186 1048 3227 a
1087 3166 1308 3230 Rheno
1343 3168 1422 3229 ad
1463 3167 1837 3251 Sequanam,
1870 3168 2080 3229 Celtas
2109 3168 2257 3230 inter
2297 3168 2639 3251 Sequanam
2680 3178 2743 3230 et
2782 3167 2919 3231 Ga-

1005 3282 1312 3336 rumnam3
1352 3265 1640 3346 reliquam
1662 3272 1912 3345 partem,
1938 3284 2075 3347 quae
2101 3264 2433 3339 Garumna,
2460 3266 2919 3347 Pyrenaeisque,

1005 3369 1069 3420 et
1112 3380 1336 3423 oceano
1381 3361 1703 3431 clauditur,
1746 3362 2019 3423 attribuit
2052 3360 2403 3441 Aquitania.
2500 3360 2625 3422 Sed
2666 3380 2741 3422 ea
2777 3380 2921 3424 cum

1000 3456 1302 3518 videretur
1325 3458 1580 3539 ineptior
1615 3456 1851 3535 divisio,
1881 3456 2044 3538 quod
2078 3465 2142 3517 et
2172 3456 2586 3519 Narbonensis
2627 3455 2917 3519 exclude·

1001 3551 1178 3614 batur
1201 3554 1530 3636 provincia,
1555 3564 1621 3615 et
1655 3553 2009 3634 Aquitaniae
2038 3551 2211 3626 fines,
2248 3562 2576 3616 ceterarum
2600 3573 2917 3635 compara·

1001 3650 1164 3711 tione
1189 3652 1468 3733 partium,
1505 3651 1680 3712 nimis
1703 3649 1893 3711 exiles
1920 3650 2300 3721 viderentur-3
2343 3651 2655 3733 Augustus
2680 3651 2915 3727 ΟΜ,

1001 3748 1289 3831 quicquid
1314 3749 1467 3811 intra
1495 3749 1715 3831 Alpes,
1750 3768 1911 3810 mare
1949 3747 2475 3823 Mediterraneum,
2510 3756 2575 3809 et
2594 3768 2915 3825 oceanum,

1002 3856 1067 3907 et
1089 3846 1394 3917 Rhenum,
1432 3854 1717 3907 terrarum
1730 3847 1925 3927 jacet,
1964 3866 2085 3907 uno
2119 3844 2461 3907 Galliarum
2484 3847 2719 3907 nomine
2744 3866 2914 3908 com·

1001 3942 1241 4023 plexus,
1279 3942 1632 4023 Aquitaniae
1672 3944 1940 4004 nationes
1976 3942 2205 4025 adjecit
2248 3942 2695 4025 quatuordecim
2718 3962 2739 4005 ι
2776 3944 2913 4005 uni-

1006 4147 1097 4255 lo:
1107 4204 1192 4257 hic
1212 4214 1452 4257 auctore·
1473 4206 1528 4256 in
1549 4138 1785 4277 moazi}
1792 4140 1923 4257 §iffi
1994 4140 2913 4271 ἓξὲιιοιτιῗιῗὶἶοᾞᾚίτιιφὲᾎιξὲξ

1005 4283 1208 4333 gamus.
1272 4272 1480 4335 Nempe
1503 4270 1797 4323 Galliarum
1832 4270 1923 4321 de-
1992 4270 2217 4322 ebemius
2242 4286 2303 4321 ac
2330 4270 2441 4321 fere
2476 4272 2728 4330 exscribit
2748 4272 2913 4323 Noti-

1005 4334 1318 4399 ·criptiones
1359 4336 1526 4387 multo
1579 4336 1842 4388 auctiores
1888 4350 1925 4387 a
1992 4337 2117 4387 tiam
2140 4336 2327 4387 Gallie
2350 4334 2509 4390 ajon.
2526 4336 2798 4403 Scaligero
2811 4336 2911 4389 de·

1007 4401 1336 4465 geographis,
1363 4402 1454 4465 qui
1476 4402 1574 4452 hoe
1595 4416 1663 4451 ex
1784 4400 1923 4452 feno
1992 4400 2255 4454 lineatam.
2292 4403 2439 4454 cm.

1008 4471 1185 4531 agunt,
1219 4466 1486 4533 Cluverio,
1517 4466 1634 4521 ceu
1712 4482 1764 4526 o.
1784 4466 1925 4521 aliiu-
