3300 5234
815 524 992 591 5174

1766 546 1841 593 Τ.
1888 544 2081 593 mvn

1141 682 1340 745 hostes
1363 702 1628 766 pugnare
1652 682 1903 757 nollent,
1930 683 2137 747 Caesar
2158 682 2239 745 ad
2260 683 2723 767 quadringentos
2744 704 2953 767 passus
2974 686 3053 747 ab

1141 780 1274 843 im'u
1309 780 1612 843 radicibm
1647 780 1846 853 collis,
1880 802 2005 863 quo
2040 770 2101 841 in
2141 781 2301 843 colle
2332 792 2533 843 castra
2562 784 2820 843 hostiurn
2861 795 3055 854 erant,

1139 886 1335 940 castra
1371 898 1592 959 ponere
1631 880 1879 939 statuit:
1920 878 2027 939 sed
2059 879 2283 939 veritus
2304 898 2381 939 ne
2404 878 2633 939 vallum
2656 880 2893 941 eminus
2914 900 3061 942 con-

1135 974 1483 1056 spiceretur,
1507 972 1917 1035 tantummodo
1940 974 2157 1035 fo-arn
2182 974 2403 1057 pedum
2424 974 2767 1055 quindecim
2797 996 2837 1037 a
2860 976 3057 1039 fronte

1136 1070 1282 1132 duci
1309 1072 1509 1150 jussit.
1593 1068 1793 1151 quue
1826 1090 1979 1153 opus
2008 1070 2170 1144 culn,
2206 1073 2401 1152 prima
2432 1080 2497 1133 et
2526 1072 2790 1133 secunda
2822 1074 2959 1135 acie
2994 1075 3055 1135 in

1061 1178 1080 1198 ·
1137 1168 1272 1247 loco
1307 1168 1412 1229 nbi
1445 1175 1614 1229 erant
1642 1169 1947 1229 instructae
1969 1169 2389 1249 perstantibus,
2415 1168 2593 1229 tertia
2618 1169 2781 1229 acies
2802 1168 3055 1244 faceret,

1133 1265 1344 1345 ignaro
1367 1264 1538 1325 hoste
1559 1263 1889 1345 perfectum
1912 1272 2023 1325 est.
2095 1263 2265 1325 Intra
2288 1264 2443 1327 banc
2468 1265 2855 1327 munitionem
2874 1278 3055 1329 nocte

1135 1372 1458 1467 muta,
1501 1360 1810 1443 postridie,
1856 1362 2003 1441 quia
2046 1361 2281 1441 longius
2324 1382 2505 1442 agger
2556 1362 2849 1443 petendus
2896 1376 3052 1437 erat,

1131 1468 1262 1521 tota
1293 1468 1514 1533 castm,
1539 1458 2035 1539 quemadmodum
2070 1458 2425 1531 imtituerat,
2452 1461 2773 1541 pei-munit,
2796 1462 3053 1541 singulis

1135 1557 1464 1637 legionibus
1497 1556 1737 1637 singula
1768 1555 1957 1616 latera
1988 1556 2289 1617 tribuens:
2332 1557 2457 1637 ipse
2486 1576 2627 1617 cum
2660 1556 2907 1637 reliquis
2942 1561 3050 1619 tri-

1132 1654 1244 1715 bus
1275 1653 1602 1716 Afranium
1642 1653 2071 1733 Petreiunque
2104 1652 2185 1713 ad
2224 1652 2583 1747 turbandum
2614 1674 2769 1735 opus
2802 1656 3049 1717 venien-

1130 1762 1224 1812 tes
1263 1753 1570 1814 absterret.
1654 1748 1759 1811 Ita
1794 1750 2005 1813 castris
2045 1750 2391 1832 permunitis
2432 1751 2710 1812 cohortes
2750 1762 2817 1811 et
2856 1753 3049 1834 irnpe-

1129 1847 1416 1921 dimenta,
1460 1866 1596 1929 quae
1637 1847 2035 1929 superioribus
2078 1847 2141 1908 in
2184 1847 2395 1909 castris
2436 1846 2780 1929 reliquerat,
2828 1848 3045 1911 eodeni

1125 1945 1430 2007 transduci
1456 1946 1657 2025 jubet.

802 2040 903 2091 Dio
903 2041 1107 2093 ‚Lm
1208 2050 1313 2105 15.
1356 2042 1510 2104 Erat
1542 2044 1698 2103 inter
1730 2040 2017 2124 oppidum
2048 2052 2115 2103 et
2148 1972 2488 2104 Afraniana
2522 2050 2723 2103 castra
2760 2041 3047 2125 planities

804 2107 936 2159 Ces.

785 3984 1087 4038 Incommo-

787 4050 1000 4116 Appian.

785 4114 916 4166 Caus-

1127 2160 1404 2221 paoeuum
1429 2140 1665 2201 circiter
1676 2146 2094 2211 trecenorum,
2110 2146 2174 2199 et
2190 2139 2251 2199 in
2272 2136 2471 2199 medio
2484 2138 2609 2199 fere
2624 2139 2821 2220 spatio
2838 2148 3045 2201 tumu-

1125 2236 1222 2297 lus
1243 2238 1544 2315 surgebat,
1577 2256 1759 2317 quem
1794 2236 1847 2295 si
1880 2242 2231 2316 occupasset
2258 2233 2485 2306 Cesar,
2516 2235 2742 2316 oppido
2764 2244 2831 2295 et
2858 2246 3043 2316 ponte

1121 2333 1524 2415 prohibiturus
1547 2333 1745 2393 hostes
1778 2331 2116 2393 videbatur.
2200 2329 2419 2410 Igitur,
2444 2330 2677 2392 eductis
2712 2332 3041 2393 instructis-

1121 2450 1240 2511 que
1283 2432 1474 2492 tribus
1514 2430 1869 2510 legionibus,
1910 2430 2087 2489 unius
2124 2428 2541 2507 antesignanos
2572 2448 2750 2489 cursu
2790 2438 3041 2491 conten-

1119 2526 1260 2589 dere
1285 2528 1364 2588 ad
1391 2525 1747 2609 capiendum
1773 2526 1971 2587 locum
2001 2524 2201 2603 jubet.
2264 2522 2389 2585 Sed
2414 2524 2739 2587 Afraniani
2765 2526 3041 2606 propiore

1117 2625 1312 2706 spatio
1341 2624 1695 2706 precipiunt
1718 2622 1971 2685 collemz
2012 2629 2263 2703 ortaque
2298 2640 2499 2703 pugna
2534 2620 2793 2683 Oaesaris
2818 2621 3043 2685 militm

1117 2720 1501 2804 repelluntur.
1586 2719 1783 2800 Igitur
1806 2718 2071 2781 subsidio
2098 2717 2363 2780 adducta
2386 2719 2547 2798 legio
2570 2738 2751 2791 nona,
2777 2739 2921 2781 cum
2944 2722 3037 2781 in·-

1117 2820 1311 2879 vicem
1337 2817 1665 2901 pepulisset
1688 2818 1907 2889 hostes,
1930 2816 2159 2878 fervore
2194 2818 2535 2879 certaminis
2570 2816 2853 2880 cedentes
2878 2820 3037 2881 inse-

1115 2924 1257 2977 cuta
1281 2916 1548 2997 iniquum
1573 2917 1636 2977 in
1662 2914 1861 2976 locum
1884 2916 2183 2975 smcessit.
2248 2914 2535 2996 Quinque
2558 2914 2720 2975 boris
2742 2916 2831 2977 ibi
2855 2916 3033 2979 dirni-

1114 3024 1318 3075 catum
1341 3022 1470 3084 estg
1515 3033 1735 3092 magno
1758 3011 2131 3073 Julianorum
2156 3011 2441 3093 periculo,
2468 3012 2529 3073 in
2560 3032 2712 3093 quos
2746 3032 2827 3073 ex
2854 3034 3033 3097 supe-

1113 3112 1366 3172 rioribus
1391 3110 1541 3173 locis
1566 3110 1691 3172 tela
1714 3118 1879 3171 certo
1898 3112 2075 3189 jactu
2102 3109 2512 3189 adigebantur.
2596 3108 2801 3172 Multo
2826 3120 3029 3174 tamen

1113 3208 1248 3290 plus
1271 3208 1581 3270 vulnerum
1611 3228 1795 3290 quam
1832 3206 2017 3268 caedis
2048 3205 2197 3267 fuit:
2238 3206 2499 3269 hostiurn
2534 3226 2717 3287 supra
2736 3206 3031 3271 ducentos

1111 3306 1487 3367 ceciderunt:
1533 3305 1741 3367 Caesar
1788 3306 1989 3366 amisit
2028 3305 2265 3366 circiter
2312 3306 2707 3387 septuaginta.
2807 3305 3029 3369 Victo-

1111 3402 1262 3463 riam
1290 3412 1537 3482 utraque
1563 3422 1701 3484 pars
1724 3402 2063 3462 ascribebat
2084 3402 2236 3461 sibi:
2279 3401 2639 3483 Pompeiani
2664 3412 2907 3483 propter
2934 3413 3035 3464 tu-

1111 3498 1334 3560 mulum
1367 3508 1687 3569 retentum,
1721 3498 1825 3585 qui
1862 3496 2165 3579 pugnandi
2202 3518 2389 3559 causa
2425 3497 2645 3570 fuerat,
2682 3506 2745 3557 et
2781 3510 3027 3561 coactos

1110 3606 1278 3677 terga
1325 3606 1558 3659 vertere
1597 3596 1827 3667 hostes3
1889 3596 1977 3667 hi,
2018 3593 2177 3675 quod
2226 3614 2471 3656 numero
2516 3604 2581 3657 et
2628 3595 2765 3657 loco
2808 3596 3026 3679 impari

1111 3694 1383 3777 praelium
1421 3702 1514 3755 tot
1543 3694 1705 3755 horis
1740 3692 2155 3763 sustinuerant,
2200 3701 2263 3753 et
2303 3691 2384 3753 ad
2426 3700 2759 3753 exn-einum
2802 3694 3025 3756 virtute

1111 3792 1336 3853 connisi
1375 3789 1765 3851 ascenderant
1793 3798 2075 3861 montem,
2116 3788 2599 3869 adversariosque
2636 3786 2773 3849 inde
2808 3789 2871 3851 in
2912 3811 3023 3873 op·

1111 3887 1314 3971 pidum
1349 3886 1721 3966 fugaverant.

1193 3992 1294 4047 16.
1336 3984 1548 4064 Majus
1581 3985 1733 4043 inter
1772 3983 1902 4043 haec
1941 3980 2293 4064 periculum,
2317 3980 2589 4043 resolutis
2611 3982 2903 4044 montium
2928 3984 3018 4045 ni-

1111 4082 1306 4155 vibus,
1323 4101 1608 4163 aquarum
1633 4080 1830 4141 subita
1854 4078 2165 4141 inundatio
2192 4079 2572 4139 interminata
2592 4088 2707 4151 est,
2734 4100 2871 4161 quae
2898 4100 3017 4141 una

1106 4176 1207 4241 die
1247 4188 1560 4259 utrumque
1604 4177 1861 4239 Caesaris
1904 4185 2145 4258 pontem
2188 4176 2519 4257 interrupit.
2603 4176 2825 4238 Castra
2847 4185 3017 4238 erant

1106 4276 1258 4336 inter
1281 4274 1402 4336 duo
1427 4274 1677 4336 flumina
1712 4274 1945 4336 Sicorin
1984 4284 2048 4334 et
2086 4272 2363 4355 Cingam,
2397 4272 2560 4355 quod
2591 4275 2853 4357 spatium
2882 4283 3015 4335 erat

1109 4392 1383 4454 passuum
1405 4374 1642 4438 circiter
1666 4370 1861 4435 millia
1884 4369 2146 4453 triginta.
2206 4368 2376 4445 Inter
2402 4370 2515 4433 boc
2540 4370 2855 4435 conclusus
2878 4382 3009 4433 tan-
