3300 5234
862 544 1071 597 unm
1120 545 1329 596 cxvi.
1372 544 2024 597 surranum-rou.
2375 526 2554 597 5348

322 688 579 749 sublata.
660 686 847 757 Quod
878 690 1037 750 enim
1070 688 1217 750 belli
1256 689 1534 751 Parthici
1559 708 1742 751 causa
1766 687 2076 749 abfuturus
2097 694 2226 747 erat
2249 694 2368 749 Dio.

324 786 550 858 Caesar,
578 785 881 847 decretum
908 786 1124 859 fuerat,
1168 796 1185 823 ⁶
1206 786 1295 847 uti
1332 785 1531 867 plures
1556 788 1616 847 in
1642 806 1828 849 annos
1851 786 2224 865 magistratus

322 882 773 943 ordinarentur?
873 882 1014 943 Nec
1064 892 1265 944 tamen
1316 903 1519 943 omnes
1564 882 1889 943 declarati:
1951 890 2226 962 praetores
2279 884 2484 937 Sueton.

321 987 521 1039 tamen
564 978 866 1039 constituti
904 978 1187 1049 sedecim,
1226 980 1287 1039 in
1312 979 1527 1059 quibus
1566 986 1629 1039 et
1667 978 1752 1039 P.
1782 976 2072 1039 Ventidio
2110 976 2225 1037 fuit
2249 952 2375 1067 1033·
2393 954 2480 1001 ⁷⁶·

320 1072 508 1135 locus.
590 1074 821 1135 AEdiles
841 1084 971 1135 tum
996 1076 1247 1157 primum
1270 1096 1377 1136 sex
1398 1077 1611 1148 creati,
1636 1074 1758 1136 duo
1791 1075 2051 1157 patricii,
2077 1093 2228 1154 quos
2283 1097 2401 1161 Dig.
2425 1094 2488 1143 do

320 1175 400 1234 ob
446 1174 721 1235 frumenti
764 1166 1229 1256 procurationem
1276 1173 1555 1234 Cereales
1592 1174 1928 1243 vocabant:
1972 1181 2226 1253 quatuor
2251 1162 2387 1275 33}-
2410 1160 2526 1275 '⁰⁸¹3

318 1269 560 1351 plebeii.
644 1270 847 1331 Ceteri
866 1292 1105 1351 quoque
1130 1272 1509 1350 magistratus
1530 1289 1734 1332 omnes
1755 1290 1889 1330 eum
1917 1270 1978 1330 in
2003 1289 2222 1329 annum
2249 1292 2368 1343 Dio.
2377 1242 2448 1289 μ’
2529 1254 2550 1274 ⁶

318 1368 621 1428 constituti
646 1376 813 1428 sunt:
858 1369 919 1427 in
950 1376 1315 1449 sequentem,
1340 1375 1553 1448 praeter
1574 1367 1848 1429 consules
1871 1375 1932 1426 et
1956 1367 2222 1426 tribunos

318 1463 512 1543 plebis
536 1485 726 1525 nemo.

400 1567 502 1621 21.
546 1559 709 1643 Ipse,
736 1563 839 1642 qui
880 1565 1181 1643 nunquam
1226 1573 1423 1644 posset
1456 1564 1780 1643 quiescere,
1817 1560 2009 1622 multa
2045 1556 2218 1619 simul
2247 1588 2530 1639 Pinnem.

318 1658 561 1736 negotia
600 1660 935 1740 amplexus,
980 1658 1124 1720 dum
1166 1660 1475 1741 expeditio
1518 1668 1782 1741 paratur,
1823 1656 1898 1717 de
1939 1655 2224 1717 ornandis
2279 1686 2480 1737 Sueton.

318 1753 786 1836 instruendisque
818 1755 985 1816 Urbe
1010 1765 1072 1816 et
1098 1758 1341 1838 imperio
1366 1757 1691 1837 cogitabat.
1772 1753 2093 1815 Theatrum
2130 1752 2218 1811 in-
2248 1751 2376 1803 0⁸⁸·
2394 1754 2480 1801 ⁴4·

318 1851 523 1931 primis
544 1862 847 1913 exstruere
872 1872 1175 1933 aggressus
1210 1863 1302 1915 est
1338 1874 1578 1919 summa:
1604 1852 2046 1932 magnitudinis,
2070 1849 2220 1911 Tar-

318 1949 457 2027 peio
508 1950 695 2011 monti
744 1952 1059 2011 accubans.
1162 1950 1507 2013 Destinavit
1554 1960 1618 2013 et
1670 1950 1861 2011 Marti
1909 1948 2220 2030 templum,

318 2054 603 2124 quantum
632 2068 919 2127 nusquam
946 2058 1121 2117 esset,
1156 2048 1539 2130 complanato
1564 2049 1724 2119 lacu,
1746 2049 1808 2108 iu
1833 2068 1954 2128 quo
1979 2064 2222 2105 nauma-

316 2142 515 2203 chiam
554 2142 857 2203 ediderat:
900 2154 1185 2225 praeterea
1212 2144 1463 2205 Graecas
1498 2147 1862 2225 Latinasque
1898 2144 2220 2204 bibliothe-

316 2257 445 2308 cas,
468 2248 647 2318 quam
685 2249 885 2321 posset
920 2242 1234 2313 maximas,
1259 2240 1580 2321 colligendi
1608 2242 1906 2321 negotium
1936 2238 2030 2299 Μ.
2058 2238 2220 2297 Var-

318 2336 446 2395 roni
472 2334 737 2396 dederat.
820 2336 979 2403 Quae
1002 2356 1187 2417 opera
1218 2346 1407 2399 morte
1446 2338 1575 2416 ejus
1612 2338 1964 2417 interrupta,
1989 2354 2219 2395 succes-
2248 2350 2364 2401 Dio.

317 2452 415 2491 sor
440 2432 751 2511 Augustus
792 2432 1059 2515 perfecit.
1142 2433 1347 2493 Penes
1389 2436 1579 2515 ipsum
1616 2431 1843 2495 invidia
1881 2431 2018 2502 fuit,
2058 2429 2220 2511 quod

317 2528 455 2589 loco
480 2530 693 2589 theatri
718 2530 1086 2613 repurgando
1122 2531 1313 2591 multa
1346 2532 1580 2612 privata
1614 2540 1798 2611 atque
1831 2530 2012 2589 etiam
2049 2546 2222 2587 sacra

318 2624 577 2687 aedificia
598 2626 863 2687 diruerat
877 2648 894 2696 ς
938 2628 1217 2687 crematis
1250 2627 1577 2688 simulacris
1614 2627 1844 2705 ligneis,
1869 2635 1932 2685 et
1953 2644 2104 2705 quos
2127 2644 2219 2683 re·

318 2730 553 2801 peterat
575 2724 869 2783 thesauris
892 2744 1061 2783 suum
1086 2725 1145 2784 in
1174 2725 1364 2783 sinum
1386 2723 1725 2785 reconditis.

399 2825 501 2879 22.
544 2818 821 2881 Parabat
854 2826 916 2881 et
952 2820 1175 2881 siccare
1213 2821 1530 2881 Pomtinas
1554 2818 1827 2902 paludes,
1854 2838 1990 2901 quae
2017 2837 2054 2878 a
2083 2817 2219 2878 cir·
2278 2856 2477 2906 sueton.

314 2915 459 2977 ceiis
482 2935 761 2994 magnum
784 2917 911 2995 agri
940 2915 1137 2975 Latini
1162 2915 1401 2978 modum
1425 2918 1881 2977 absorbuerant:
1923 2914 2220 2975 Anienem
2250 2920 2366 2978 Dio,
2384 2936 2531 2971 κων.

316 3010 559 3083 flumen,
584 3013 895 3093 ipsumque
920 3011 1206 3083 Tiberim,
1232 3014 1431 3073 statim
1471 3034 1510 3073 a
1548 3012 1752 3073 Ponte
1779 3011 2040 3082 Mulvio,
2066 3029 2218 3091 prae-
2245 2984 2394 3100 Ρὲἣζ
2436 3066 2502 3098 m

316 3108 455 3193 altis
503 3108 695 3170 foveis
744 3120 1047 3190 exceptos,
1094 3109 1417 3170 secundum
1456 3120 1684 3171 montes
1722 3110 2074 3178 vaticanos,
2114 3126 2222 3187 per
2247 3120 2296 3163 5.
2315 3124 2370 3163 st
2386 3082 2544 3165 :⁰:va-

320 3204 617 3267 Circoeum
662 3207 1117 3287 promontorium
1150 3205 1554 3279 Tarracinam,
1581 3216 1761 3288 atque
1785 3208 1846 3267 in
1875 3225 2036 3267 mare
2067 3202 2220 3285 Tyr-
2247 3179 2498 3293 ⁴2:15¹&

318 3302 563 3363 rhenum
588 3301 906 3376 deducere,
934 3323 1053 3383 quo
1078 3304 1301 3365 minore
1328 3305 1563 3383 negotio
1588 3305 1786 3385 subigi
1810 3322 1992 3365 naves
2009 3320 2220 3361 onera·
2247 3308 2356 3358 Λα.
2373 3278 2502 3360 lun.

314 3402 421 3461 ria:
462 3407 731 3481 possent:
774 3408 859 3471 et,
888 3401 1075 3480 jactis
1112 3401 1191 3460 ad
1230 3422 1393 3463 mare
1429 3402 1653 3463 circum
1679 3400 1916 3463 Ostiam
1941 3398 2219 3468 molibus,
2244 3378 2378 3487 {⁸1⁹3-
2461 3480 2468 3485 ·

316 3498 613 3578 alveoque
658 3496 891 3557 Tiberis
939 3505 1275 3579 repurgato,
1322 3504 1561 3580 ‘portum
1612 3496 1842 3558 efficere
1901 3496 2221 3576 cujuslibet

314 3594 709 3673 navigationis
746 3612 1070 3674 capacem:
1110 3604 1176 3655 et
1214 3615 1334 3674 quo
1372 3591 1606 3656 facilius
1653 3594 1818 3654 Urbs
1855 3592 2137 3661 adiretur,
2183 3612 2222 3651 a
2243 3637 2444 3686 sueton.

314 3692 469 3753 mari
496 3690 727 3771 Supero
758 3710 863 3770 per
887 3691 1197 3772 Apennini
1220 3690 1459 3753 dorsum
1486 3692 1565 3751 ad
1586 3690 1850 3751 Tiberim
1877 3710 2060 3770 usque
2089 3709 2216 3749 mu·-

316 3788 445 3848 nire
470 3788 648 3846 viam.
732 3786 855 3846 Sed
888 3794 953 3847 et
988 3788 1267 3847 isthmum
1308 3786 1629 3869 perfodere
1642 3787 1796 3847 inter
1823 3786 2120 3846 Lecheam
2157 3795 2222 3846 et
2244 3802 2526 3875 Dio.'P1ut.

319 3884 663 3945 Cenchreas
688 3882 1017 3961 navigabili
1042 3882 1213 3944 alveo
1236 3884 1555 3963 cogitavit:
1601 3882 1762 3963 quod
1793 3882 1936 3941 olim
1961 3902 2066 3942 rex
2097 3882 2222 3941 De-
2247 3890 2378 3939 Plin.
2393 3908 2466 3941 zv.
2488 3893 2542 3941 4.

318 3982 583 4051 men-ius,
610 3987 819 4061 postea
846 3980 1130 4059 Caligula
1151 3989 1215 4041 et
1242 3980 1412 4042 Nero
1439 3981 1726 4051 Caesares,
1757 3979 2013 4040 infausto
2031 3982 2054 4017 ³
2095 4000 2222 4039 om-

316 4098 425 4139 nes
446 4079 708 4157 incepto,
734 4084 797 4136 et
822 4076 1077 4156 ipsorum
1105 4079 1429 4160 interrupto
1453 4086 1664 4151 morte,
1689 4085 2088 4138 tentaverunt.

382 4334 415 4381 8
450 4330 537 4380 lta
564 4344 629 4379 ex
655 4330 795 4381 Plin.
832 4328 1037 4381 entend.
1067 4330 1219 4382 Crev.
1250 4344 1346 4396 pro
1365 4328 1545 4390 injecto
1569 4328 1779 4393 Clerici,
1812 4338 1863 4379 et
1893 4328 2065 4389 inserto
2104 4328 2219 4381 reli·

314 4410 535 4461 quarum
556 4396 676 4446 cdd.
2277 4409 2283 4415 ·
