3300 5234
805 545 987 614 ⁵066

676 716 691 733 ⁸
808 717 927 768 Dio.

800 1107 1005 1175 Jonoph.

780 3746 896 3798 Dio.

1791 563 1860 609 T.
1907 562 2102 611 mvn

1130 706 1271 766 cisis
1310 700 1571 785 reliquos
1615 704 1680 764 in
1725 714 1926 764 monte
1967 702 2270 763 Garizeno
2305 702 2644 764 obsidebat.
2739 702 2881 765 Nec
2933 705 3038 765 ob-

1131 803 1291 864 viam
1333 806 1419 865 ire
1462 802 1716 863 Sisenna
1755 810 2011 884 poterat,
2041 803 2139 862 cui
2171 800 2490 862 admodum
2527 800 2888 863 adolescenti
2923 800 3038 883 Sy-

1126 900 1277 960 riam
1322 910 1491 981 pater
1532 898 1832 961 Gabinius
1874 900 2272 971 commiserat,
2313 919 2424 959 nec
2469 918 2635 959 nsum
2677 919 2892 969 rerum,
2935 918 3038 959 nec

1128 999 1543 1059 auctoritatem
1582 999 1760 1058 rebus
1797 998 1980 1057 tantis
2013 1017 2213 1077 parem
2237 998 2501 1058 habenti.
2585 995 2822 1059 Idcirco
2849 997 3041 1057 Gabi-

1128 1096 1259 1156 nius
1292 1098 1511 1178 raptim
1546 1116 1625 1155 ex
1654 1096 1920 1177 AEgypto
1953 1095 2214 1157 reductis
2249 1096 2462 1177 copiis,
2493 1094 2912 1156 Alexandrum
2937 1095 3040 1155 tri-

1126 1196 1294 1274 ginta
1344 1193 1611 1255 millibus
1659 1194 1960 1253 hominum
2009 1194 2292 1273 stipatum
2342 1192 2632 1263 offendit3
2697 1212 3040 1273 quanquam

1126 1292 1456 1373 praemissus
1496 1290 1576 1351 ad
1612 1291 1928 1372 populares
1964 1289 2312 1371 Antipater,
2339 1291 2502 1351 haud
2530 1311 2750 1372 paucos
2775 1312 2816 1351 a
2837 1290 3040 1351 defec-

1122 1391 1285 1449 tione
1319 1388 1676 1449 retraxisset.
1761 1388 1869 1448 Ad
1911 1386 2248 1469 Itabyrium
2285 1397 2544 1449 montem
2581 1390 2804 1467 ingenti
2835 1388 3040 1471 praelio

1121 1506 1470 1548 concursum
1495 1495 1618 1547 est:
1663 1485 1872 1547 decem
1899 1486 2090 1546 millia
2113 1485 2154 1546 J
2159 1486 2460 1547 udaeorum
2485 1506 2664 1547 caesa.

1203 1591 1305 1644 46.
1361 1584 1716 1654 Gabinium,
1763 1584 1938 1643 rebus
1989 1582 2558 1665 Hierosolymitanis
2599 1603 2679 1644 ex
2726 1581 3042 1665 Antipatri

1120 1681 1429 1741 voluntate
1466 1681 1823 1753 constitutis,
1861 1700 1936 1739 ne
1978 1680 2290 1741 victoriam
2329 1689 2784 1753 consummaret,
2814 1679 3038 1741 Arabi-

1120 1798 1259 1839 cum
1300 1778 1530 1839 bellum
1570 1778 1805 1839 avertit.
1891 1776 1972 1837 Id
2014 1798 2250 1859 quoque
2293 1776 2546 1838 feliciter
2583 1780 2664 1839 ab
2696 1798 2769 1839 eo
2810 1788 3040 1859 gestum

1120 1883 1235 1947 est,
1263 1874 1409 1936 fusis
1449 1877 1656 1957 praelio
1698 1876 2055 1946 Nabataeis;
2101 1896 2291 1957 neque
2326 1874 2683 1947 confectum,
2711 1876 2878 1957 quod
2907 1881 3040 1957 jam

1123 1973 1376 2034 Crassus
1414 1974 1647 2047 aderat,
1677 1974 2043 2055 provinciam
2083 1985 2147 2035 et
2187 1975 2514 2035 exercitum
2552 1994 2591 2035 a
2631 1972 2904 2035 Gabinio
2939 1996 3038 2035 ac-

1118 2080 1417 2152 cepturus.
1523 2070 1830 2153 Cupiebat
1871 2082 1934 2133 et
1979 2072 2243 2133 Parthos
2285 2071 2530 2132 exules:
2583 2070 2688 2131 sed
2735 2070 2877 2132 illos
2915 2074 3040 2134 sive

1118 2169 1373 2248 pecunia
1410 2178 1683 2249 accepta,
1709 2170 1833 2231 sive
1871 2168 2088 2229 Crasso
2123 2168 2416 2239 invidens,
2449 2167 2609 2227 clam
2643 2165 2874 2229 dimisit
2909 2168 3038 2230 Ga-

1117 2266 1335 2339 binius,
1360 2266 1504 2345 fug-a
1530 2267 1854 2327 subductos
1878 2268 2214 2327 ementitus.

1196 2371 1299 2428 47.
1342 2363 1649 2425 Restituto
1675 2365 1832 2425 hunc
1853 2364 1932 2425 ad
1955 2364 2194 2425 modum
2221 2362 2580 2434 Ptolemaeo,
2605 2382 2744 2423 cum
2771 2361 3038 2423 Romam

1114 2480 1238 2522 rem
1272 2462 1438 2523 fama
1472 2462 1833 2543 pertulisset,
1861 2462 2024 2543 quod
2061 2461 2360 2524 Gabinius
2385 2462 2462 2521 ad
2487 2469 2759 2522 senatum
2783 2461 3038 2521 scribere

1115 2560 1458 2630 metuebat:
1502 2559 1834 2639 indignatio
1873 2560 2159 2641 dolorque
2181 2560 2442 2621 civitatis
2466 2560 2526 2619 in
2553 2561 2904 2620 immensum
2931 2580 3040 2620 ex-

1115 2659 1277 2718 arsit.
1350 2658 1581 2739 Spretae
1608 2658 1770 2719 haud
1795 2658 1976 2717 dubie
2005 2658 2336 2737 religiones,
2365 2658 2654 2736 neglectae
2681 2659 2868 2737 leges,
2896 2680 3039 2721 con-

1114 2757 1355 2817 culcata
1412 2765 1674 2827 senatus,
1727 2756 2084 2816 conculcata
2137 2756 2340 2837 populi
2390 2755 2662 2817 Romani
2713 2758 3041 2819 auctoritas

1040 2879 1055 2896 ·
1112 2862 1282 2913 erat:
1346 2872 1535 2935 eaque
1588 2854 1908 2935 provinciae
1959 2854 2140 2913 etiam
2193 2864 2255 2913 et
2303 2855 2571 2934 equitum
2619 2853 3038 2915 Romanorum

1113 2951 1369 3031 querelis
1414 2954 1910 3031 aggravabantur.
1997 2950 2138 3032 Syri
2179 2951 2462 3033 spoliatos
2502 2974 2564 3013 se
2607 2971 2644 3012 a
2680 2952 3037 3023 latronibus,

1112 3049 1398 3128 spoliatos
1440 3070 1479 3110 a
1525 3049 1912 3130 proconsule3
1963 3050 2270 3131 publicani
2308 3053 2413 3129 jus
2459 3050 2574 3109 sibi
2613 3070 2730 3109 non
2777 3050 3034 3122 dictum,

1112 3146 1419 3225 pactiones
1459 3147 1753 3219 rescissas,
1779 3146 2102 3225 vectigales
2134 3146 2351 3207 multos
2387 3146 2690 3217 liberatos,
2719 3146 2916 3228 iisque
2946 3167 3034 3207 re-

1110 3244 1223 3303 bus
1249 3246 1503 3306 rationes
1528 3266 1666 3305 suas
1689 3266 1929 3325 remque
1956 3245 2310 3305 familiarem
2335 3244 2622 3305 afflictam
2651 3264 3034 3326 eversamque

1106 3362 1254 3413 esse,
1284 3343 1740 3423 quiritabantur.
1823 3344 2124 3404 Gabinius
2151 3343 2330 3415 enim,
2358 3354 2426 3403 ut
2449 3342 2682 3403 Judaeis
2705 3351 2888 3423 atque
2917 3342 3032 3423 Sy·

1106 3439 1185 3497 ris
1219 3460 1281 3499 se
1306 3440 1664 3512 venditaret,
1693 3462 1732 3501 a
1756 3442 1973 3520 quibus
1999 3442 2217 3501 multas
2252 3442 2590 3523 accipiebat
2613 3441 2922 3522 pecunias,
2949 3439 3035 3497 ita

1105 3556 1169 3595 se
1212 3536 1421 3597 durum
1468 3538 1802 3619 publicanis
1843 3540 2197 3619 praebuerat,
2239 3547 2329 3610 ut,
2371 3560 2492 3619 quo
2535 3540 2594 3598 in
2635 3536 2862 3618 oppido
2903 3536 3032 3615 ipse

1106 3642 1280 3703 esset,
1308 3644 1413 3695 aut
1451 3656 1573 3717 quo
1596 3636 1846 3707 veniret,
1875 3636 1958 3696 ibi
2001 3636 2407 3717 publicanum,
2436 3644 2543 3696 aut
2571 3633 2881 3715 publicani
2907 3653 3031 3693 ser-

1104 3750 1244 3789 vum
1284 3753 1411 3791 esse
1450 3754 1569 3793 non
1611 3742 1934 3814 pateretur.
2021 3734 2188 3795 Inter
2223 3734 2492 3796 fremitus
2517 3733 2904 3815 plurimorum
2921 3734 3028 3810 ju-

1102 3826 1264 3889 dicia
1287 3838 1348 3888 et
1372 3852 1576 3910 poenas
1600 3832 1800 3911 legum
1829 3834 2217 3914 poscentium,
2248 3833 2555 3893 Ciceronis
2579 3832 2840 3892 maxime
2873 3828 3029 3889 toni-

1102 3934 1239 3986 trua
1285 3927 1700 3989 audiebantur.
1787 3928 1870 3989 Is.
1900 3932 1960 3991 in
2008 3930 2437 4011 rempublicam
2481 3929 2699 4001 studio,
2741 3928 3030 3989 adversus

1024 4014 1043 4025 ’
1101 4023 1406 4085 inimicum
1444 4027 1553 4098 ira,
1580 4047 1716 4086 cum
1751 4028 1900 4089 nihil
1935 4048 2140 4088 eorum
2179 4048 2316 4107 quae
2351 4027 2430 4088 ad
2458 4026 2773 4087 irritandos
2797 4026 3032 4086 animos

1100 4122 1480 4202 pertinebant
1516 4126 1803 4185 intactum
1834 4128 2151 4198 omitteret,
2180 4126 2480 4208 praecipue
2515 4125 2749 4196 institit,
2781 4133 2798 4159 ‘
2829 4132 2902 4184 ut
2929 4122 3028 4182 Si-

1100 4220 1315 4300 byllini
1342 4222 1479 4281 libri
1501 4221 1698 4283 denuo
1723 4224 2171 4306 inspicerentur,
2197 4233 2261 4285 et
2284 4247 2362 4285 ex
2393 4226 2463 4285 iis
2487 4245 2724 4286 carmen
2751 4222 2828 4283 de
2870 4222 3032 4300 regis

1100 4314 1501 4380 Alexandrini
1541 4324 1909 4382 restitutione
1959 4344 2184 4383 rursum
2234 4323 2546 4383 ederetur.’
2637 4320 3026 4401 Adjunctum

1099 4414 1259 4475 enim
1296 4416 1379 4476 ibi
1414 4418 1694 4500 sperabat
1729 4420 1954 4500 aliquid
1989 4422 2067 4481 de
2095 4442 2267 4503 poena
2303 4430 2514 4503 spretae
2541 4419 2838 4501 relig-ionis
2871 4436 3024 4477 esse.
