3300 5234
870 528 1047 595 ⁵⁰64
1833 550 1905 599 r.
1953 548 2138 601 mvn

869 686 1091 804 esumi.
1274 696 1375 752 41.
1418 690 1611 763 Nam,
1648 672 1847 753 occiso
1883 692 2276 776 Cybiosacte,
2311 712 2447 756 cum
2485 696 2888 761 Alexandrini
2923 701 3104 762 mari-

865 758 1091 932 {³5¹¹
1050 833 1166 949 “13''
1186 786 2088 965 ξ’,ῗῑῗξῗὲἒέηἷῗἪῖἾΞΞῖ
2104 790 3102 964 fflssissssssf'iffssmifflfflssss

860 950 1079 1126 '3:me
1184 980 1291 1041 sed
1331 982 1437 1061 qui
1478 1002 1541 1043 se
1585 982 1942 1043 Mithridate
1983 983 2214 1046 ferebat
2257 986 2555 1065 genitum:
2602 987 2901 1049 Gabinius
2949 990 3100 1071 quid

928 1093 1047 1193 ΕΡ·
1034 1082 1165 1131 ··⁷⁹⁶
1184 1088 1453 1155 ageretur
1474 1079 1827 1160 suspicatus,
1866 1079 2276 1163 Philippum
2259 1103 2344 1143 ire
2385 1085 2809 1163 prohibuerat,
2855 1086 3099 1145 Arche-

928 1159 1048 1259 ⁶⁶¹8
1180 1170 1363 1248 laum,
1388 1174 1788 1257 expeditionis
1813 1176 2122 1238 Parthicae
2141 1179 2439 1251 comitem,
2459 1180 2518 1240 in
2544 1180 2876 1241 custodiam
2904 1180 3094 1243 dede-

854 1152 1048 1339 {torpin-
1040 1272 1141 1323 Dio
1110 1281 1290 1332 mrat.
1374 1270 1497 1333 Sed
1534 1272 1658 1333 ille
1664 1272 1846 1354 paulo
1871 1282 2007 1355 post
2029 1274 2288 1357 elapsus,
2317 1277 2521 1387 ignaro
2548 1277 2835 1350 Gabinio,
2863 1298 2942 1339 an
2969 1277 3094 1338 dis-

853 1371 1075 1487 ΧΒιιιιιικι,
1173 1368 1488 1431 simulante
1514 1371 1959 1443 conscientiam,
1987 1370 2311 1433 incertum.
2355 1374 2464 1434 nisi
2500 1373 2659 1455 qnod
2681 1376 2937 1435 hominis
2963 1394 3092 1435 mo-

853 1450 991 1555 Dios·
1175 1488 1269 1529 res
1296 1466 1475 1529 fidem
1512 1476 1784 1529 astruunt
1821 1466 2212 1541 tradentibus,
2249 1479 2410 1530 metu
2445 1491 2518 1531 ne
2561 1472 2846 1553 pauciora
2873 1469 3089 1532 Ptole-

1171 1582 1359 1625 maeus
1392 1563 1585 1637 daret,
1624 1565 1674 1625 si
1707 1566 1860 1627 citra
1899 1566 2200 1645 negotium
2237 1578 2396 1627 esset
2429 1570 2749 1639 restitutus,
2776 1567 2956 1628 simul
2987 1588 3087 1628 ac-

1170 1663 1360 1744 ceptis
1383 1664 1463 1723 ab
1489 1661 1802 1723 Archelao
1839 1664 2068 1742 magnis
2102 1664 2461 1736 muneribus,
2505 1663 2834 1779 Gabinium
2871 1675 3088 1746 sponte

1170 1779 1408 1841 passum
1434 1769 1501 1820 ut
1523 1762 1587 1820 in
1612 1760 1942 1841 IEgyptum
1965 1758 2070 1819 ille
2097 1760 2448 1841 perveniret.

844 1854 1053 1919 J⁰⁸⁰P¹h
1247 1864 1350 1918 42.
1394 1856 1701 1917 Archelao
1736 1856 2002 1929 dimisso,
2040 1854 2338 1917 Gabinius
2375 1877 2512 1919 cum
2538 1856 2579 1917 J
2583 1856 2766 1919 udaeis
2791 1860 3084 1939 pecunias

1166 1972 1450 2035 armaque
1488 1964 1551 2015 et
1588 1954 1948 2015 frumentum
1993 1954 2358 2036 imperasset,
2387 1974 2492 2035 per
2525 1974 2727 2015 eorum
2775 1953 3078 2034 regionem

838 2048 921 2165 {ie
922 2058 1111 2115 g.1..21
1162 2051 1243 2113 ad
1291 2052 1600 2113 Pelusium
1626 2061 1690 2112 et
1727 2052 1976 2133 AEgypti
2010 2051 2274 2113 claustra
2317 2053 2623 2133 processit.
2709 2050 2948 2131 Magno
2987 2054 3080 2113 illi

873 2119 1038 2181 ωφὴ
1162 2157 1287 2210 ιιιιιι
1314 2150 1445 2209 usui
1488 2148 1859 2230 Antipater⁷
1904 2148 2083 2209 fuisse
2117 2146 2392 2220 traditur,
2423 2148 2692 2209 Herodis
2717 2158 2912 2230 pater,
2938 2170 3074 2211 cum

1160 2247 1237 2307 ad
1262 2258 1461 2309 cetera
1476 2247 1760 2328 pleraque
1783 2256 2053 2307 strenuus
2073 2246 2437 2319 administer,
2461 2258 2586 2308 tum
2623 2246 2702 2308 ad
2729 2248 3077 2329 aperiendas

822 2382 829 2389 -
1156 2344 1381 2405 itineris
1402 2344 1780 2407 difficultates
1821 2346 2044 2406 unicus.
2129 2344 2286 2405 Cum
2321 2344 2477 2405 enim
2517 2345 2678 2405 haud
2717 2347 2914 2405 minus
2945 2348 3072 2406 via-

831 2444 964 2497 ΡΙιιι.
989 2447 1109 2499 Ant.
1154 2462 1281 2503 rum
1305 2442 1615 2525 impedita,
1642 2464 1822 2525 quam
1848 2442 1992 2503 belli
2013 2442 2266 2505 adversa
2291 2443 2654 2515 timerentur,
2681 2444 2937 2526 (quippe
2969 2464 3070 2525 per

1154 2540 1342 2601 altum
1366 2539 1640 2601 sabulum
1668 2550 1732 2602 et
1767 2542 2030 2602 sitientes
2067 2560 2296 2613 arenas,
2333 2540 2446 2601 sub
2482 2540 2698 2622 quibus
2721 2542 2922 2601 crebri
2948 2564 3066 2603 ser-

1153 2647 1359 2719 pentes
1382 2638 1856 2711 occultabantur,
1891 2638 2224 2699 Serbonitis
2253 2636 2675 2699 circumeunda
2710 2638 2888 2719 palus
2913 2650 3062 2709 erat,

1149 2734 1462 2817 Typhonis
1493 2734 1812 2797 formidata
1847 2736 2106 2807 nomine,
2147 2738 2322 2816 cujus
2355 2757 2483 2797 esse
2509 2736 2875 2817 spiramenta
2901 2736 3060 2797 diee-

825 2831 857 2881 J
862 2835 1027 2899 oneph.
1150 2832 1391 2911 bantur)
1452 2832 1770 2913 Antipater
1812 2831 2059 2893 Judaeos
2091 2832 2510 2914 AEgyptiorum
2547 2832 2766 2893 milites
2803 2834 3060 2893 auctori-

1146 2938 1270 2989 tate
1296 2947 1403 2989 sua
1430 2930 1744 3011 permovit,
1771 2940 1838 2990 ut
1853 2928 2050 2990 aditus
2073 2950 2220 3009 quos
2235 2927 2673 3000 custodiebant,
2693 2950 2880 3010 seque
2905 2932 3059 3011 ipsos

822 3029 937 3093 Βζο.
970 3032 1103 3087 ΡΙιιι.
1142 3026 1443 3088 traderent
1482 3026 1800 3089 Romanis.
1888 3024 2012 3097 Ita,
2065 3027 2296 3087 nemine
2349 3046 2515 3086 arma
2562 3036 2928 3107 opponente,
2961 3022 3051 3088 M.

1144 3124 1465 3195 Antonius,
1504 3124 1607 3204 qui
1639 3125 1973 3205 praemissus
2007 3143 2145 3184 cum
2176 3125 2446 3204 equitatu
2483 3123 2698 3196 fuerat,
2726 3145 2848 3185 non
2875 3124 3052 3187 modo

1138 3224 1457 3303 occupavit
1482 3222 1804 3301 angustias,
1839 3220 1944 3281 sed
1973 3222 2154 3282 etiam
2183 3220 2520 3293 Pelusium,
2547 3220 2810 3301 amplam
2845 3224 3049 3282 urbem

1137 3318 1530 3401 praesidioque
1570 3320 1883 3390 munitam,
1921 3319 2164 3399 recepit.
2251 3317 2350 3379 Ea
2381 3340 2473 3379 res
2505 3316 2686 3379 saluti
2711 3317 2833 3378 suit
2859 3318 3047 3379 Pelu-

1132 3416 1321 3487 siotis,
1347 3417 1563 3496 quibus
1586 3424 1649 3477 et
1675 3414 1939 3477 Romani
1967 3423 2375 3497 pepercerunt,
2401 3424 2464 3475 et
2481 3434 2618 3475 cum
2645 3416 2872 3476 saevire-
2887 3415 3044 3476 Pto-

1132 3512 1375 3573 lemaeus
1393 3514 1597 3585 vellet,
1626 3534 1742 3574 non
1765 3522 1857 3573 est
1879 3514 1960 3573 ab
1982 3514 2255 3573 Antonio
2279 3512 2446 3572 situs.

1212 3618 1313 3672 43.
1357 3610 1453 3672 At
1486 3620 1800 3694 postquam
1837 3610 2139 3673 Gabinius
2183 3610 2544 3691 supervenit,
2592 3609 2770 3669 rebus
2807 3608 3038 3669 Pelusii

804 3704 921 3756 Dfio.
1124 3709 1481 3780 constitutis,
1531 3707 1814 3789 bipartito
1873 3708 2140 3769 exercitu
2198 3704 2636 3767 Alexandriam
2707 3706 3040 3786 petentibus

801 3801 933 3853 Plut.
1124 3806 1397 3887 AEgyptii
1431 3814 1828 3867 occurrerunt.
1913 3804 2154 3865 Acriter
2188 3801 2554 3883 aliquamdiu
2593 3812 2884 3863 certatum
2911 3812 3034 3863 est.

1042 3952 1049 3959 .
1126 3923 1267 3964 mox
1299 3904 1447 3985 quia
1488 3902 1581 3963 M.
1621 3901 1926 3963 Antonius
1963 3903 2314 3983 necopinato
2357 3912 2528 3981 terga
2570 3901 2824 3961 hostium
2867 3901 3032 3961 inva—

1120 4010 1299 4072 serat,
1342 4000 1592 4063 victoria
1635 4020 1816 4081 penes
1859 3998 2168 4059 Romanos
2211 3997 2342 4058 fuit.
2437 3998 2670 4057 Crebra
2713 3980 2930 4055 deinde
2969 4006 3031 4055 et

694 4132 705 4141 ·
798 4114 914 4165 Dio.
1120 4118 1337 4178 magna
1374 4098 1699 4159 certamina
1741 4098 1922 4157 variis
1961 4098 2272 4157 commissa
2316 4095 2501 4156 locis·
2562 4095 2752 4156 donec
2798 4091 3026 4153 duobus

1118 4198 1345 4275 magnis
1382 4196 1622 4276 praeliis,
1648 4215 1901 4275 quorum
1937 4194 2186 4255 alterum
2227 4194 2288 4253 in
2323 4192 2562 4253 flumine
2597 4190 2886 4253 classibus
2919 4190 3022 4250 de·

1114 4302 1434 4371 pugnatum
1472 4302 1583 4363 est,
1612 4290 2154 4352 Alexandrinorum
2187 4291 2486 4350 temeritas
2519 4290 3018 4371 comprimeretur.

1142 4473 1175 4518 v
1210 4468 1351 4522 Ante
1374 4470 1529 4522 Crev.
1560 4468 1898 4536 prepositum
1927 4456 2302 4531 invenilnr'rff
2331 4468 2594 4533 Antipater
2616 4466 2824 4517 verbum
2859 4468 2960 4517 sod.
