3300 5234
750 523 935 592 6304
1741 547 1816 596 τ.
1863 544 2054 596 mvn

1090 686 1194 750 let.
1278 695 1299 726 ‘
1328 687 1553 769 Neque
1596 691 1758 750 enim
1803 710 1962 752 nunc
2005 709 2140 752 eam
2185 688 2604 768 administrari,
2643 698 2713 750 ut
2755 688 2996 768 dignum

1084 793 1239 846 esset
1284 785 1623 847 Catonieno
1665 788 1924 858 nomine,
1967 807 2170 868 pone:
2213 807 2386 848 secus
2429 796 2628 847 eutem
2663 785 2794 846 fieri
2833 797 2999 867 turpe

787 883 939 934 Anct.
960 883 1027 936 <10
1082 883 1251 944 esse.’
1346 883 1812 945 commendavit
1851 884 2068 945 deinde
2114 905 2252 946 eum
2299 883 2370 944 L.
2414 884 2662 955 Cauri,
2701 903 2826 964 quo
2865 905 3002 944 usus

752 946 949 1065 {fue-‘⁸‘
1082 1001 1191 1062 pro
1242 989 1535 1061 quaestore
1584 980 1820 1042 fuerat:
1885 991 2300 1064 petentemque
2353 981 2602 1042 Lucium
2657 981 2896 1059 adjuvit
2943 980 3000 1040 in

1082 1077 1347 1138 oratione
1386 1077 1821 1158 componenda,
1862 1098 1987 1159 que
2027 1079 2326 1139 Caeserem
2367 1087 2674 1138 exoraret:
2715 1097 2857 1138 cum
2899 1097 3000 1158 pro

1082 1195 1148 1234 se
1198 1193 1557 1255 quemquem
1618 1195 1828 1253 rogere
1887 1176 2208 1257 quicquum
2269 1175 2702 1236 districtissime
2749 1182 2998 1234 vetaret.

1084 1269 1343 1330 'fantum
1384 1272 1782 1333 solicitudinis
1821 1272 2160 1354 laborisque
2193 1281 2258 1334 et
2291 1273 2458 1334 taedii
2491 1273 2584 1332 vir
2621 1273 2732 1332 iste
2765 1291 2999 1332 sumen-

1086 1367 1231 1428 dum
1276 1369 1530 1450 putavit,
1556 1377 1625 1430 ut
1663 1369 1802 1430 eliis
1839 1369 2164 1451 prodesset,
2188 1370 2416 1431 dudum
2457 1369 2726 1450 projecte
2761 1367 3000 1429 vivendi

1086 1465 1437 1546 cupiditate,
1473 1476 1538 1527 et
1570 1476 1739 1526 certo
1771 1467 2166 1527 destinatione
2201 1464 2636 1527 consciscendae
2669 1466 2856 1525 necis.

1168 1568 1269 1622 53.
1314 1562 1411 1622 Ut
1441 1571 1639 1623 temen
1673 1564 1988 1624 consilium
2023 1573 2268 1644 tegeret,
2295 1565 2560 1644 corporis
2581 1581 2791 1622 curem
2831 1561 2999 1622 adhi-

1082 1657 1239 1730 buit,
1258 1658 1533 1740 lotusque
1560 1662 1820 1720 coenevit
1845 1679 1982 1720 cum
2007 1661 2216 1721 smicis
2238 1667 2302 1720 et
2327 1657 2770 1738 magistratibus
2797 1657 2999 1718 Uticae

1080 1755 1327 1817 sedens:
1381 1777 1519 1816 num
1560 1759 1856 1818 accubare
1897 1767 2032 1838 post
2071 1756 2488 1818 Pharsalicam
2537 1775 2802 1836 pugnam
2847 1754 2999 1817 desi-

1078 1861 1227 1914 erat.
1312 1852 1638 1915 Productoe
1685 1855 1830 1935 quin
1872 1855 2054 1915 etium
2097 1855 2330 1936 poculis
2363 1864 2427 1914 et
2463 1853 2830 1913 sermonibus
2869 1861 3002 1913 sunt

1078 1949 1297 2032 epulae,
1334 1951 1652 2032 multisque
1695 1952 1777 2012 de
1821 1953 1998 2014 rebus
2035 1952 2270 2013 erudite
2307 1960 2370 2013 et
2398 1949 2679 2030 jucunda
2713 1949 3000 2012 confabu-

1080 2045 1228 2108 latio
1266 2046 1415 2109 fuit:
1456 2047 1649 2110 donec
1684 2049 1998 2132 prolapsus
2029 2048 2108 2110 ed
2143 2049 2450 2110 decretum
2483 2046 2635 2108 illud
2663 2046 2998 2108 Stoicorum

1078 2143 1262 2216 Cato,
1292 2153 1310 2182 ⁸
1334 2144 1523 2206 solum
1550 2147 1772 2207 bonum
1798 2148 1990 2208 virum
2025 2167 2152 2208 eme
2179 2147 2474 2218 liberum,'
2499 2166 2634 2207 cum
2659 2153 3001 2227 opponente

1074 2261 1140 2302 se
1179 2241 1489 2304 Demetrio
1522 2241 1955 2327 Peripateticae
1979 2255 2158 2306 sectae
2183 2244 2536 2327 philosopho
2559 2252 2732 2304 tento
2753 2251 2996 2304 conten-

1076 2339 1239 2400 tione
1263 2342 1431 2402 vocis
1456 2341 1774 2423 vultusque
1796 2342 2147 2425 disputavit,
2175 2352 2243 2403 ut
2266 2341 2448 2402 facile
2475 2339 2842 2422 propositum
2873 2341 3002 2418 ejus

1077 2435 1499 2500 adverteretur.
1585 2438 1770 2501 Unde
1793 2459 1930 2501 cum
1955 2449 2194 2502 moestos
2211 2437 2420 2500 sedere
2441 2435 2726 2498 convivus
2743 2433 3000 2506 videret,

1078 2534 1382 2596 revolutus
1416 2535 1497 2597 od
1532 2535 1686 2598 alios
1719 2557 2017 2598 sermones
2049 2539 2312 2598 eximere
2335 2535 2730 2617 suspicionem
2755 2541 3004 2594 conatus

955 2689 967 2698 ,
1074 2639 1185 2692 est.
1270 2631 1708 2695 Deambulevit
1731 2635 1912 2695 etiam
1937 2654 1978 2693 ο,
2001 2653 2194 2704 otene,
2223 2631 2638 2716 praefectisque
2663 2628 3002 2709 vig-iliarum

1076 2729 1389 2809 imperavit
1404 2749 1541 2810 quae
1562 2729 1918 2790 videbantur
1939 2728 2203 2810 agenda:
2243 2729 2348 2790 sed
2371 2729 2638 2790 cubitum
2659 2726 2852 2787 iturus
2871 2745 2999 2787 urc-

1075 2825 1193 2885 tius
1216 2823 1555 2907 diutiusque
1580 2827 1643 2886 in
1670 2827 1990 2908 complexu
2019 2825 2128 2888 filii
2153 2837 2218 2889 et
2239 2835 2572 2888 ceterorum
2599 2824 2796 2884 haesit.

1156 2929 1259 2983 64.
1304 2921 1459 2983 Inde
1488 2943 1674 2984 novus
1701 2922 1823 2983 illis
1847 2926 2044 2996 timor,
2069 2943 2388 3005 ensemque
2415 2942 2601 3003 supra
2619 2920 2826 2982 cubile
2853 2939 3000 3001 pen-

1074 3016 1216 3079 dere
1256 3019 1497 3079 solitum
1542 3029 1916 3080 amoverunt.
1999 3019 2162 3082 Ceto
2199 3040 2336 3082 cum
2377 3019 2530 3078 libro
2569 3016 2858 3078 Plutonis
2885 3019 3000 3098 qui

1077 3113 1359 3176 Pbaedon
1393 3116 1756 3188 inscribitur,
1783 3115 2124 3178 cubiculum
2163 3117 2474 3196 ingresus,
2513 3115 2841 3194 interrog-ut
2876 3134 2998 3174 ser-

1075 3233 1241 3285 vum,
1290 3223 1308 3250 ⁶
1338 3214 1475 3294 quis
1526 3212 1792 3294 gladium
1846 3213 2263 3275 abstulisset?
2349 3213 2470 3274 Illo
2519 3219 2780 3282 tacente,
2829 3210 2998 3271 lecti·-

1076 3329 1249 3370 onem
1289 3312 1635 3372 continuat:
1679 3312 1866 3392 paulo
1905 3321 2040 3394 post
2083 3311 2295 3372 iterum
2337 3310 2588 3391 requirit
2622 3329 2849 3380 ensem,
2885 3328 2998 3370 nec

1076 3407 1287 3479 allato,
1325 3408 1545 3469 librum
1586 3409 1852 3492 pellegit.
1933 3407 2092 3470 Tum
2135 3408 2400 3487 sing-ulos
2437 3405 2742 3467 advocans
2775 3425 2996 3478 servos,

1075 3525 1392 3587 ensemque
1428 3505 1703 3587 flagitans
1737 3508 1972 3578 acriter,
1999 3527 2182 3568 unum
2221 3507 2406 3567 etiam
2421 3549 2428 3556 -
2443 3505 2738 3587 percussit
2773 3523 2996 3584 pugno,

1074 3623 1435 3684 manumque
1480 3607 1837 3667 cruentavit.
1921 3605 2240 3666 Postremo
2280 3603 2472 3664 filium
2519 3611 2582 3662 et
2627 3601 2853 3662 amicos
2893 3623 2998 3663 uc-

1070 3709 1373 3762 currentes
1416 3702 1750 3783 increpavit
1793 3704 2076 3784 asperius,
2115 3711 2133 3740 ⁸
2161 3702 2276 3762 sibi
2311 3721 2424 3762 nec
2461 3701 2670 3761 deesse
2707 3699 2996 3760 rationem

1073 3796 1365 3859 moriendi
1400 3799 1453 3858 si
1476 3797 1684 3869 vellet,
1713 3807 1912 3874 amoto
1939 3798 2187 3878 gladio?
2223 3797 2532 3868 dictitans,
2573 3805 2594 3832 ⁶
2623 3815 2818 3876 neque
2852 3815 2998 3856 vero

1072 3904 1285 3975 putare
1330 3897 1419 3956 its
1452 3895 1746 3956 excidisse
1781 3905 2000 3968 mente,
2033 3905 2104 3957 ut
2137 3895 2416 3957 reciderit
2453 3895 2514 3954 in
2551 3891 2662 3952 filii
2699 3892 2996 3954 tutelam?

1076 3990 1209 4064 Illi,
1236 3991 1403 4054 luctu
1436 4001 1619 4073 atque
1655 4013 1902 4054 moerore
1939 3993 2371 4076 propemodum
2405 3990 2754 4060 exanimati,
2775 3991 2998 4069 jubent

1074 4086 1275 4148 afferri
1320 4086 1607 4169 gladium.
1717 4089 1921 4156 Quem
1963 4089 2070 4149 ubi
2113 4087 2324 4150 eduxit
2368 4095 2550 4167 atque
2593 4083 2996 4148 consideravit

1075 4183 1260 4256 Ceto,
1286 4187 1547 4266 reposuit
1578 4187 1813 4258 iterum,
1841 4187 2158 4266 denuoque
2189 4185 2406 4246 librum
2441 4205 2480 4244 a
2515 4185 2713 4264 capite
2750 4181 2831 4243 ed
2861 4183 2992 4244 cal-

1073 4299 1203 4340 cem
1246 4282 1456 4361 relegit
1500 4281 1576 4342 nd
1624 4283 1964 4344 lucernam:
2010 4283 2226 4366 deinde
2269 4303 2505 4343 securus
2541 4280 2884 4352 obdormiit,
2925 4289 2992 4340 ut

1074 4387 1415 4441 stertentem
1450 4381 1818 4464 perciperent
1851 4381 1958 4463 qui
1995 4381 2380 4444 excubabant
2408 4401 2516 4463 pro
2543 4377 2782 4440 foribus.
