3300 5234
834 571 1045 625 melu
1089 576 1334 626 cxvu.
1374 553 2024 633 suranuswruu.
2367 570 2544 641 5385

310 710 503 774 tendit
524 724 587 775 et
611 714 869 796 legatam
890 720 1111 802 populo
1136 725 1472 805 pecuniam,
1488 734 1553 787 et
1570 726 1754 787 aliam
1765 747 1845 789 ex
1864 748 1974 790 sua
1998 728 2214 791 libera-

312 810 483 873 litate
508 825 965 879 numeraturum.
1050 820 1258 901 Atque
1284 821 1401 883 hoe
1436 833 1505 884 ut
1535 835 1816 905 praestare
1851 834 2067 908 posset,
2093 828 2212 888 hae·
2236 831 2454 898 Appias.

312 908 629 973 reditatem
663 922 971 995 paternam
1010 918 1349 1001 proscripsit
1386 929 1565 1003 atque
1590 921 1881 995 vendidit,
1907 924 2088 983 etiam
2123 925 2212 987 in-

308 1006 508 1070 ductis
528 1012 936 1075 cohaeredibus
958 1016 1100 1087 suis,
1121 1024 1190 1077 ut
1212 1018 1535 1099 portionem
1555 1039 1724 1081 suam
1748 1020 2030 1081 cederent
2051 1021 2216 1083 sibi!l

254 1182 263 1189 .
308 1104 434 1167 Sed
464 1108 575 1168 illa
598 1112 791 1171 oratio
812 1114 1101 1196 simulque
1129 1114 1404 1191 ludorum
1428 1126 1752 1198 apparatus
1773 1117 1952 1179 valde
1975 1138 2212 1201 suspec-
2271 1128 2378 1183 Cic.
2394 1132 2458 1181 nd

307 1214 403 1267 tus
428 1216 558 1268 erat
581 1210 981 1290 optimatibus,
1010 1233 1127 1274 non
1154 1214 1373 1293 ignaris
1402 1234 1685 1295 quorsum
1719 1217 1835 1277 ista
1857 1216 2214 1299 expediren-
2236 1193 2526 1313 ἓιῖξῖξὲ

304 1313 419 1364 tur.
506 1304 647 1367 Nec
673 1306 809 1369 ideo
828 1310 1022 1371 minus
1048 1310 1193 1371 facti
1214 1322 1353 1373 sunt
1376 1311 1603 1373 Veneri
1624 1313 1946 1387 Genitrici,
1976 1313 2214 1377 cmm
2235 1323 2336 1374 Jul.
2356 1326 2540 1401 oboeq.

306 1400 647 1464 Octaviano
690 1416 919 1467 sumtus
966 1408 1271 1488 praebente
1317 1429 1425 1489 pro
1467 1408 1746 1491 collegio,
1791 1410 1976 1490 quod,
2015 1410 2214 1472 adhuc
2236 1388 2454 1503 *ἐφ’

300 1498 441 1560 vivo
464 1498 777 1573 dictatore,
818 1504 1171 1578 institutum,
1198 1514 1359 1567 metu
1402 1515 1511 1568 aut
1544 1508 1908 1587 negligentia
1945 1528 2212 1588 superse-

302 1594 511 1657 debat.
593 1599 704 1659 Ab
736 1600 945 1661 iisdem
979 1603 1175 1663 causis
1198 1602 1327 1663 ludi
1348 1602 1615 1664 victoriae
1642 1604 1898 1665 Caesaris
1921 1603 2069 1665 facti
2095 1624 2212 1664 non
2237 1618 2437 1671 Sueten.

304 1702 477 1753 erant
504 1692 831 1759 Palilibus.
914 1698 1003 1761 Et
1024 1701 1133 1761 hos
1157 1701 1333 1780 igitur
1358 1700 1569 1773 edidit,
1606 1701 1808 1762 Matio
1831 1711 1896 1762 et
1921 1701 2216 1764 Postumo
2237 1682 2463 1799 Αἳὲοΐέ
2482 1754 2535 1801 ι

302 1792 685 1855 curantibus:
726 1794 937 1857 sellam
984 1806 1184 1859 tamen
1232 1798 1489 1859 Caesaris
1534 1818 1800 1870 auream,
1841 1808 1904 1859 et
1937 1818 2214 1860 eoronam
2237 1820 2291 1861 et
2305 1812 2370 1861 ad
2391 1814 2526 1867 Fam.

302 1898 664 1967 gemmatam
692 1892 754 1951 in
787 1894 1021 1955 theatro
1046 1914 1163 1955 non
1190 1895 1407 1976 posuit,
1432 1894 1710 1956 Antonio
1737 1903 1798 1955 et
1823 1895 2076 1957 tribunis
2109 1916 2214 1956 ve·
2237 1882 2538 1993 {ffiftfae‘n’

303 1986 589 2052 tentibus.
672 1988 843 2057 Nam
863 2000 926 2052 et
950 1992 1131 2073 paulo
1155 2001 1335 2053 antea
1359 1990 1613 2053 Critonii
1632 1990 1948 2074 cujusdam
1968 1991 2214 2053 aedilitio
2236 2005 2423 2086 Aaron.

302 2102 547 2146 munere
570 2086 783 2147 sellam
819 2088 1057 2150 illaturo
1083 2088 1389 2151 Antonius
1406 2110 1704 2151 carcerem
1729 2090 1988 2151 minatus
2011 2098 2124 2162 est,
2152 2088 2212 2150 ni
2234 2070 2450 2201 ligium.

302 2200 495 2242 rerum
523 2202 807 2244 novarum
830 2184 1143 2247 desineret.
2233 2200 2369 2251 Plut.

387 2284 487 2339 18.
532 2278 657 2340 Sed
710 2280 1055 2343 adolescens
1104 2280 1385 2342 adversus
1419 2282 1576 2343 hanc
1610 2281 2041 2361 malignitatem
2081 2284 2213 2361 ejus
2234 2297 2440 2349 Sueten,

300 2374 577 2448 hominis,
604 2398 727 2457 quo
751 2379 847 2438 vel
877 2380 1179 2460 praecipuo
1206 2379 1481 2461 adjutore
1500 2399 1564 2439 se
1590 2399 1828 2439 usurum
1847 2388 2210 2460 speraverat,

300 2492 589 2550 generosa
621 2473 737 2535 fuit
768 2475 847 2535 ad
886 2475 1269 2537 resistendum
1303 2477 1660 2537 constantia.
1746 2476 1906 2544 Quae
1935 2475 2209 2548 subinde,
2234 2494 2534 2563 Ju1.0bseq.

302 2578 515 2650 praeter
534 2571 794 2632 humana
812 2572 1109 2653 praesidia,
1132 2574 1279 2634 raris
1302 2572 1660 2654 quibusdam
1679 2580 1745 2633 et
1761 2574 1919 2654 aptis
1939 2573 2018 2633 ad
2039 2570 2233 2634 omen‘

300 2666 455 2726 trahi
506 2668 743 2728 casibus
792 2666 1273 2729 confirmabatur.
1359 2669 1527 2729 Inter
1577 2688 1738 2750 quae,
1789 2677 2058 2729 cometen
2105 2688 2212 2749 per

299 2762 613 2825 continuos
637 2764 865 2845 aliquot
896 2764 1026 2825 dies
1052 2774 1387 2847 spectatum
1414 2767 1539 2847 ipse
1564 2766 1662 2825 his
1686 2765 1882 2827 verbis
1906 2763 2205 2847 prodidit:
2231 2774 2350 2829 Dio.

303 2868 321 2893 ‘
344 2858 471 2919 His
521 2860 665 2941 ipsis
707 2859 979 2922 ludorum
1012 2881 1275 2921 meorum
1315 2859 1549 2932 diebus,
1590 2860 1757 2921 sidus
1791 2860 2070 2923 crinitum
2103 2881 2210 2943 per
2231 2843 2367 2956 ἓξὲξ·
2381 2840 2515 2957 3ῗὲ

298 2964 529 3037 septem
554 2957 683 3019 dies
708 2960 768 3018 in
792 2960 1028 3038 regione
1053 2958 1211 3030 coeli,
1248 2978 1385 3040 quae
1412 2960 1525 3019 sub
1558 2958 2074 3039 septemtrionibus
2097 2966 2208 3030 est,
2266 2973 2462 3022 sueton.
2519 2940 2536 2957 ⁶

298 3064 703 3135 conspectum.
789 3056 869 3117 Id
892 3042 1191 3117 oriebatur
1223 3056 1385 3116 circa
1414 3054 1788 3116 undecimam
1829 3055 2038 3115 horam
2063 3054 2206 3126 diei,
2234 3034 2532 3150 effide-ff&

298 3149 645 3234 clarumque
671 3163 734 3213 et
766 3154 1037 3214 omnibus
1062 3154 1229 3213 terris
1252 3153 1633 3233 conspicuum
1661 3152 1797 3213 fuit.
1895 3151 1992 3211 Eo
2015 3150 2208 3211 sidere
2235 3181 2325 3215 xv.
2348 3166 2466 3215 846.
2521 3133 2538 3150 ’

299 3246 621 3331 significari
644 3250 855 3331 vulgus
886 3248 1163 3323 credidit,
1194 3249 1451 3311 Caesaris
1474 3249 1737 3310 animam
1763 3250 1917 3309 inter
1940 3249 2208 3308 Deorum
2231 3229 2538 3343 ’ἔξὲῃοῧκῖ

298 3346 718 3408 immortalium
769 3348 1012 3408 numina
1062 3355 1393 3428 receptam:
1435 3367 1557 3428 quo
1600 3348 1838 3407 nomine
1884 3344 1948 3407 id
1985 3346 2210 3423 insigne

296 3443 619 3504 simulacro
640 3446 857 3527 capitis
894 3448 1046 3525 ejus,
1084 3446 1247 3526 quod
1283 3465 1425 3506 mox
1462 3445 1525 3505 in
1560 3444 1690 3506 foro
1713 3443 2208 3515 consecravimus,
2265 3444 2528 3560 Numbvz-

299 3537 601 3620 adjectum
626 3544 757 3603 est!
840 3542 963 3603 Sed
1002 3552 1065 3603 et
1088 3542 1195 3603 alii
1222 3543 1421 3624 potius
1445 3542 1523 3601 ad
1550 3542 1802 3623 gloriam
1831 3540 2090 3602 Caesaris
2102 3542 2206 3619 ju·
2229 3518 2401 3625 ῧῖζὲ,
2415 3526 2499 3639 ⁸⁸3·
2519 3543 2536 3559 ⁰

296 3638 467 3699 venis
512 3641 807 3731 pertinere
852 3641 1313 3701 existimabant:
1375 3639 1641 3720 plerique
1689 3658 2037 3717 magnarum
2080 3658 2206 3699 esse
2229 3640 2363 3755 {ccliv-
2383 3640 2446 3689 td

297 3736 706 3797 calamitatum
731 3740 1083 3819 praenuntia.
1130 3736 1255 3797 Sed
1285 3737 1680 3807 Octavianus,
1702 3744 1900 3795 staura
1921 3735 2048 3795 sine
2073 3754 2204 3795 cer-
2229 3720 2400 3820 42⁰3·
2421 3720 2499 3755 ¹¹⁶

300 3834 522 3893 tamine
556 3835 771 3915 posita,
796 3822 1093 3906 fidentior,
1119 3844 1185 3895 et
1206 3834 1247 3894 J
1252 3835 1361 3894 ulii
1386 3834 1599 3895 mensis
1624 3831 1969 3914 appellandi
1991 3828 2204 3891 confir·
2230 3835 2530 3947 {lb¹¹¹¹·¹¹·⁶·

296 3930 491 3990 mavit
512 3930 1020 4004 consuetudinem,
1046 3940 1117 3992 ut
1137 3932 1320 3992 etiam
1346 3930 1425 3991 ab
1450 3932 1581 4011 ipso
1604 3930 1798 3990 Bruto
1824 3930 1884 3988 in
1911 3928 2202 4009 proscrip-
2251 3916 2530 4015 dssadAtt.

295 4027 462 4088 tione
488 4025 761 4089 ludorum
784 4048 1019 4090 suorum
1046 4036 1398 4111 poneretur3
1453 4025 1722 4107 aliosque
1749 4027 1986 4107 insuper
2006 4022 2200 4097 ludos,
2232 4034 2465 4081 nul-et
2476 4033 2528 4079 Δ.

297 4123 377 4183 ⁰b
401 4121 704 4205 quandam
732 4125 987 4186 Caesaris
1012 4126 1323 4187 victoriam
1348 4123 1637 4196 decretos,
1663 4121 1824 4183 fecit.
2229 4094 2346 4147 ¹³⁵⁰·

362 4314 389 4351 (Ι
432 4308 595 4357 Etim
650 4308 860 4359 induetis
902 4308 1219 4360 cohaeredibuae
1288 4308 1511 4367 sactum,
1544 4306 1633 4357 sed
1673 4306 1826 4369 paulo
1847 4310 1984 4371 post.
2009 4302 2132 4353 vid.
2156 4316 2206 4353 c.

298 4372 419 4433 suis,
455 4378 509 4421 se
542 4374 809 4436 portionem
835 4389 969 4423 mm
1000 4378 1221 4425 cederent
1290 4378 1372 4424 20.
1395 4372 1550 4423 infra.
1574 4374 1716 4423 Cres.

296 4436 415 4501 sibi]
472 4438 535 4486 Id
570 4452 671 4487 non
706 4448 831 4488 tunc
873 4438 1077 4490 videtur
1108 4454 1222 4491 esse

428 4518 603 4584 Delpfl.
622 4524 671 4571 et
697 4520 814 4571 Ver.
836 4520 967 4569 Clas.
1306 4518 1490 4569 Livius.
2257 4511 2319 4559 15
2351 4506 2402 4556 U
