3300 5234
746 549 921 614 5050
1707 563 1780 611 ϊ.
1829 565 2022 612 mvn

1156 713 1215 767 3.
1262 707 1523 768 Idoneus
1558 706 1812 769 audacia
1849 717 1914 786 et
1947 705 2228 768 adversus
2249 714 2518 766 senatum
2541 705 2684 766 odio
2711 704 2788 765 G.
2817 703 2982 768 Cato

1074 806 1345 866 tribunus
1368 805 1561 888 plebis
1586 803 1666 866 ad
1692 805 1806 866 hoc
1827 806 2220 866 ministerium
2233 802 2569 874 videbatur,
2589 823 2766 884 quem
2791 803 2984 864 multa

1072 900 1151 962 de
1178 901 1421 962 Caesare
1446 901 1595 962 ferre
1622 910 1928 982 parantem
1953 901 2160 962 consul
2200 901 2424 980 aliique
2463 900 2760 980 principes
2793 899 2986 981 impe-

752 1005 862 1056 cic.
1072 998 1339 1060 diebant.
1428 997 1633 1059 Facile
1658 999 1758 1060 hic
1783 997 2160 1059 transductus
2183 997 2242 1056 in
2271 1005 2470 1078 partes
2505 996 2708 1078 palam
2741 997 2986 1058 concio—

1076 1097 1351 1167 nabatur,
1374 1097 1622 1158 comitia
1657 1096 1866 1156 haberi
1899 1115 2014 1156 non
2047 1097 2318 1166 siturum,
2351 1097 2402 1154 si
2437 1095 2554 1154 sibi
2585 1114 2720 1155 cum
2761 1093 2988 1175 populo

748 1194 861 1270 Liy.
886 1192 1017 1258 Epit.
1075 1194 1291 1274 agendi
1330 1195 1553 1255 exemti
1588 1192 1720 1253 dies
1757 1203 1972 1254 essent.
2057 1194 2318 1274 Propter
2356 1192 2486 1252 haec
2525 1200 2590 1252 et
2621 1211 2700 1252 ex
2737 1193 2831 1252 his
2853 1201 2992 1252 orta

752 1259 871 1312 ¹³¹⁰·
1072 1291 1420 1360 certamina,
1463 1310 1605 1351 cum
1648 1299 1894 1351 senatus
1931 1299 2158 1351 vestem
2202 1297 2506 1360 mutasset,
2549 1308 2742 1369 neque
2785 1297 2990 1350 tamen

1078 1387 1237 1448 Cato
1274 1387 1595 1468 quicquam
1636 1387 1992 1456 remitteret;
2039 1384 2432 1446 Marcellinus
2471 1385 2679 1446 consul
2717 1385 2992 1446 luculen-

1074 1495 1197 1544 tam
1225 1484 1303 1544 ad
1330 1483 1613 1564 populum
1638 1485 1965 1544 orationem
1983 1482 2060 1542 de
2087 1483 2478 1564 praesentibus
2494 1482 2728 1554 habuit,
2749 1483 2992 1564 reipub-

1078 1580 1210 1640 licae
1246 1579 1563 1661 deplorans
1598 1588 1844 1652 statum,
1870 1600 2006 1660 quae
2045 1598 2160 1639 non
2198 1579 2278 1639 ab
2317 1578 2474 1650 aliis,
2501 1599 2682 1658 quam
2707 1599 2815 1660 per
2839 1600 2998 1660 quos

1078 1676 1322 1738 defendi
1374 1697 1509 1736 eam
1562 1697 1770 1739 verum
1833 1685 2010 1748 esset,
2057 1677 2254 1737 acrius
2313 1685 2686 1757 premeretur.
2783 1677 2994 1739 Moesti

1082 1775 1359 1834 astabant
1393 1781 1615 1854 patres,
1655 1773 1980 1854 positisque
2019 1771 2330 1852 dignitatis
2372 1771 2720 1850 insignibus,
2745 1773 2996 1854 illacry-

1081 1879 1309 1930 mantes
1336 1879 1515 1950 atque
1541 1877 1862 1948 gementes,
1888 1868 2049 1930 haud
2085 1869 2376 1929 minorem
2401 1867 2662 1930 tacendo
2683 1871 2995 1932 commise-

1082 1968 1369 2026 rationem
1420 1967 1746 2038 hominum,
1795 1985 1977 2045 quam
2026 1964 2282 2026 dicendo
2329 1965 2560 2038 consul,
2625 1967 3000 2030 excitabant.

1086 2060 1307 2142 Neque
1346 2060 1456 2121 ulli
1503 2071 1629 2122 tum
1673 2061 2118 2122 contradicendi
2161 2063 2390 2122 animus
2429 2072 2536 2124 aut
2573 2061 2798 2124 fiducia
2835 2063 2998 2125 fuit:

1084 2167 1207 2220 tam
1257 2170 1321 2219 et
1363 2178 1574 2238 graves
1617 2159 1988 2239 querelarum
2037 2177 2246 2218 causas
2290 2159 2510 2220 habere
2559 2159 2883 2234 consulem,
2935 2171 3004 2222 et

794 2259 905 2308 an·
929 2258 1063 2307 Μαι·
1084 2257 1433 2317 concionem
1476 2256 1801 2327 faventem,
1851 2255 2200 2337 apparebat.
2283 2257 2530 2336 Quippe
2573 2275 2710 2316 cum
2753 2257 3000 2322 nimian

762 2339 837 2372 '¹'
859 2329 907 2374 ²·
1088 2355 1205 2414 Cn.
1250 2354 1527 2435 Pompeii
1564 2353 1890 2434 potentiam
1929 2361 2260 2423 accusaret,
2307 2353 2610 2415 universus
2647 2355 2706 2414 ei
2741 2356 3004 2436 populus

1085 2450 1255 2512 clara
1294 2471 1443 2510 voce
1484 2469 1758 2510 assensus
1793 2459 1904 2511 est.
1989 2449 2202 2530 Atque
2244 2449 2372 2522 ille,
2417 2449 2864 2524 ‘ssAoclamate
2905 2453 3001 2514 in

1088 2549 1242 2629 quit,
1285 2529 1624 2619 ‘Quirites,
1650 2546 1982 2609 acclamate
2006 2548 2150 2609 dum
2185 2545 2363 2608 licet.
2407 2567 2568 2612 mox
2577 2549 2736 2609 enim
2759 2549 3007 2632 impune

1089 2644 1287 2706 facere
1316 2663 1433 2702 non
1460 2643 1707 2704 licebit?

764 2749 882 2802 Dio.
1170 2750 1231 2802 4.
1276 2740 1403 2800 His
1426 2742 1605 2812 actis,
1626 2761 1766 2802 cum
1791 2742 2008 2802 reversi
2033 2742 2094 2802 in
2117 2742 2344 2802 curiam
2369 2751 2586 2814 essent,
2615 2742 2700 2803 P.
2722 2741 3006 2818 Clodius,

1090 2846 1323 2900 servato
1346 2838 1587 2910 vestitu,
1630 2839 1690 2897 in
1715 2839 2062 2900 concionem
2085 2840 2294 2921 populi
2319 2855 2676 2921 progr-emus,
2701 2842 3007 2908 consulem

1092 2945 1156 2997 et
1178 2945 1403 2996 ceteros
1428 2937 1712 2996 acerrime
1737 2937 2056 2997 insectatus
2077 2945 2209 2997 est.
2251 2957 2389 2998 cum
2414 2937 2714 3019 Pompeio
2751 2939 3008 3018 gratiam

798 3039 906 3088 Cic·
924 3038 985 3087 td
1002 3039 1067 3096 Q·
1094 3031 1521 3111 redintegrans,
1572 3035 1748 3112 cujus
1800 3031 2030 3093 auxilio
2077 3033 2436 3113 legationem
2501 3033 2772 3106 liberam,
2821 3057 3008 3117 quan

766 3104 1053 3220 {me
1052 3132 1401 3212 captabat,
1428 3149 1491 3189 se
1516 3129 1800 3190 credebat
1839 3131 2074 3211 assequi
2108 3151 2298 3211 posse.
2383 3130 2540 3191 Cum
2563 3151 2698 3192 eam
2723 3152 2846 3192 rem
2873 3153 3008 3214 per·

1096 3228 1339 3288 moleste
1366 3237 1603 3288 senatus
1626 3227 1829 3298 ferret,
1857 3228 2111 3309 abrupto
2146 3248 2434 3300 sermone,
2463 3230 2726 3310 perrexit
2753 3231 2814 3290 in
2847 3233 3008 3291 curi·

1097 3345 1194 3385 am
1220 3324 1498 3396 Clodius,
1528 3334 1594 3385 ut
1616 3325 1702 3384 ibi
1727 3345 1968 3406 quoque
1994 3325 2344 3386 adversariis
2367 3327 2817 3388 conviciaretur.
2881 3325 3008 3388 Sed

1097 3423 1369 3503 repulsus
1418 3443 1457 3484 a
1502 3423 1858 3505 quibusdam
1905 3424 2298 3496 senatoribus,
2347 3425 2580 3484 cinctus
2621 3425 2700 3485 ab
2739 3425 3010 3505 equitum

1099 3518 1301 3598 globo,
1328 3522 1571 3605 perisset
1596 3522 1750 3581 inter
1771 3539 2002 3592 manus,
2027 3522 2140 3580 nisi
2165 3521 2339 3604 plebs
2363 3521 2667 3603 appellata
2689 3542 2826 3583 cum
2857 3521 3010 3583 faci·

1098 3619 1212 3678 bus
1232 3621 1601 3690 accurrisset,
1620 3617 1956 3680 incendium
1982 3619 2164 3680 curiae
2183 3619 2483 3690 minitans,
2500 3619 2548 3678 si
2575 3618 2716 3700 quid
2741 3620 3012 3680 acerbius

1100 3713 1321 3778 Clodio
1360 3717 1693 3778 accidisset.
1777 3717 1876 3778 Ea
1907 3717 2000 3778 vis
2039 3725 2104 3777 et
2139 3724 2268 3777 tum
2305 3719 2565 3778 servavit
2602 3715 2907 3787 Clodium,
2949 3723 3014 3776 et

1098 3823 1367 3874 senatum
1408 3815 1487 3876 ad
1522 3823 1786 3874 ceterum
1821 3823 2120 3875 certamen
2155 3814 2358 3876 effecit
2383 3815 2736 3876 molliorem.
2818 3813 3010 3875 Pom·

1100 3912 1239 3992 peio
1274 3921 1483 3994 postea
1522 3932 1637 3974 non
1675 3909 1918 3972 difficile
1953 3911 2068 3973 fuit
2101 3913 2302 3972 venire
2339 3913 2398 3972 in
2441 3914 2691 3985 curiam,
2707 3921 2784 3974 et
2806 3912 3012 3974 decer·

1100 4010 1376 4069 nentibus
1400 4029 1535 4090 quae
1562 4008 1750 4068 nollet
1775 4009 1902 4090 ipse
1930 4009 2214 4069 resistere.

1186 4111 1245 4165 5.
1293 4106 1499 4166 Unica
1522 4125 1656 4187 spes
1683 4103 2042 4165 Marcellino
2065 4106 2328 4174 suberat,
2349 4105 2512 4186 quod
2535 4125 2766 4186 semper
2781 4103 3014 4166 vultum

1104 4219 1179 4261 ac
1218 4223 1544 4281 sermonem
1584 4200 1664 4261 ad
1703 4200 2054 4262 modestiam
2079 4221 2428 4282 componere
2456 4202 2786 4283 Pompeius
2807 4199 3013 4262 studu-

770 4269 931 4387 Aac
936 4271 1052 4387 ⁸⁶9·
1108 4309 1255 4372 erat,
1282 4300 1476 4368 fronte
1500 4318 1680 4380 quam
1709 4308 1904 4360 mente
1927 4298 2333 4372 verecundior,
2358 4299 2620 4360 futurum
2663 4308 2732 4358 ut
2769 4300 3012 4359 interro·-

788 4407 943 4454 οιιῡ.
1112 4407 1282 4478 gatus
1324 4397 1645 4480 publices
1678 4415 1890 4462 verene
1931 4395 2304 4457 consulatum
2345 4406 2544 4514 petere
2575 4397 3014 4468 constituisset:
