3300 5234
777 525 962 592 4998
1756 543 1826 592 ‘r-
1872 541 2070 593 mvn

783 687 935 744 Plut.⁸
1109 683 1437 746 mitteretur
1466 703 1483 743 ε
1545 681 1822 764 idemque
1883 683 2353 764 Byzantinorum
2407 680 2714 743 reduceret
2761 681 3016 743 exules.’

1112 780 1255 848 Quo
1280 781 1553 840 nimirum
1576 779 1802 841 diutius
1821 780 2034 841 absens
2061 781 2122 839 in
2149 779 2450 840 tribunatu
2491 777 2792 858 grassandi
2817 779 3016 840 locum

1112 875 1349 938 clodio·
1363 877 1555 939 daret.

1188 979 1333 1034 121.
1376 973 1524 1034 Hoc
1548 973 1728 1052 igitur
1753 979 1878 1033 tam
1901 971 2072 1034 firmo
2111 971 2559 1055 propugnaculo
2581 990 2720 1032 cum
2742 993 2808 1032 se
2829 969 3016 1032 desti-

783 1058 901 1110 Dio.
1106 1077 1299 1130 tutum
1327 1067 1541 1131 Cicero
1566 1079 1889 1151 reputaret,
1923 1069 2094 1149 signo
2119 1070 2436 1141 Minervae,
2477 1069 2640 1150 quod
2681 1069 2786 1130 diu
2823 1070 3016 1130 habu-

779 1155 1027 1270 Deio-pro
1104 1174 1236 1227 erat
1283 1166 1470 1240 domi,
1524 1169 1587 1227 in
1649 1164 2020 1248 Capitolium
2085 1185 2223 1228 cum
2281 1167 2664 1248 inscriptione
2725 1164 3020 1226 Custodis

778 1235 960 1335 nomo,
981 1235 1031 1270 c.
1108 1263 1295 1323 Urbis
1328 1264 1543 1345 posito,
1574 1271 1751 1324 nocte
1791 1260 2088 1344 profectus
2129 1283 2210 1322 ex
2253 1262 2448 1334 Urbe,
2497 1260 2830 1324 deducente
2863 1263 3018 1324 ami-

776 1350 915 1400 Plut.
938 1347 1047 1400 0³⁶·
1103 1379 1306 1420 corum
1346 1359 1642 1442 praesidio,
1688 1357 1924 1420 Siculos
1961 1359 2153 1440 petiit,
2195 1359 2436 1440 publice
2473 1359 2868 1440 privatimque
2905 1357 3016 1420 de-

776 1463 893 1514 Dio.
1054 1533 1057 1537 .
1104 1457 1332 1517 vinctos
1358 1457 1622 1538 plurimis
1640 1455 1970 1529 beneficiis,
1985 1464 2051 1517 et
2066 1457 2211 1538 quia
2227 1457 2590 1538 provinciam
2613 1477 2746 1518 eam
2764 1458 2841 1518 C.
2865 1455 3016 1518 Vir-

812 1561 1017 1626 Cic.pro
1105 1554 1283 1633 gilius
1300 1554 1629 1628 obtinebat,
1657 1556 1748 1615 vir
1771 1553 2079 1614 meliorum
2100 1557 2378 1635 partium,
2403 1563 2468 1616 et
2489 1563 2726 1616 vetusta
2751 1555 3021 1615 micitia

775 1626 948 1743 ssmc’
970 1642 1017 1678 ⁰·
1106 1652 1383 1714 Ciceroni
1408 1655 1784 1732 conjunctus.
1838 1651 1916 1713 In
1945 1651 2054 1712 illo
2079 1652 2309 1724 itinere,
2335 1651 2480 1712 dum
2499 1653 2562 1712 in
2579 1651 2726 1713 villa
2749 1649 3016 1734 quadam

816 1726 924 1806 νἀι.
940 1755 1078 1806 Max.
1103 1749 1375 1822 Atinatis
1415 1751 1542 1829 agri
1576 1749 1928 1820 diversatur,
1964 1749 2216 1829 primam
2249 1749 2308 1808 ei
2331 1748 2644 1809 meliorum
2679 1757 3023 1830 temporum.

776 1838 819 1874 ¹·
839 1825 891 1873 ⁷·
1101 1867 1268 1929 spem
1302 1847 1542 1909 oblatus
1576 1867 1683 1928 per
1719 1848 1982 1928 quietem
2021 1844 2102 1906 C.
2133 1844 2366 1906 Marius
2405 1865 2544 1906 cum
2585 1845 2871 1906 laureatis
2893 1845 3019 1905 fas·-

774 1933 1000 2049 inffi¹d⁸
1096 1946 1271 2008 cibus
1306 1944 1547 2018 obtulit,
1584 1962 1623 2004 a
1659 1964 1802 2025 quo,
1841 1942 2185 2006 consulatus
2223 1943 2546 2024 insignibus
2585 1953 2796 2004 ornato
2831 1943 3016 2002 inter-

776 2016 895 2116 ,ἐν’
941 2035 958 2052 ’
974 2015 1013 2052 ι’
1031 2013 1077 2052 ⁶⁶
1100 2042 1293 2121 rog-ari
1317 2062 1379 2102 se
1408 2041 1662 2124 putavit,
1691 2051 1710 2078 ‘
1729 2040 1877 2122 quid
1897 2042 1986 2102 ita
2011 2041 2195 2102 tristis
2217 2041 2444 2102 incer-to
2465 2041 2668 2101 itinere
2688 2041 3017 2122 pergeret?

1104 2137 1341 2200 Deinde
1366 2140 1700 2222 proximum
1747 2140 1862 2200 sibi
1903 2138 2170 2200 lictorem
2213 2139 2291 2200 ab
2329 2159 2402 2199 eo
2439 2137 2670 2210 datum,
2706 2140 2813 2220 qui
2853 2157 2917 2198 se
2953 2139 3018 2198 in
3083 2131 3090 2136 ’

1099 2245 1541 2299 monumentum
1586 2237 1774 2298 Marii
1811 2236 2152 2308 deduceret,
2189 2235 2450 2316 adjecto,
2494 2245 2514 2272 ‘
2543 2237 2606 2296 in
2647 2256 2720 2295 eo
2757 2236 3015 2296 salutem

1098 2335 1267 2397 fore?
1349 2336 1429 2397 Id
1452 2337 1745 2396 somnium
1779 2355 1916 2397 cum
1953 2333 2112 2414 fugae
2137 2333 2338 2394 comiti
2384 2332 2674 2394 Sallustio
2699 2341 3016 2404 narrasset,

1100 2443 1120 2471 ‘
1150 2414 1401 2494 reditum
1426 2434 1485 2494 ei
1508 2431 1762 2494 celerem
1787 2441 1850 2493 et
1873 2431 2190 2512 gloriosum
2209 2439 2480 2512 paratum
2501 2429 2656 2490 os'se’
2693 2429 3018 2491 Sallustius

1099 2529 1484 2592 exclamavit.
1570 2529 1659 2590 Et
1681 2537 1897 2591 eventu
1933 2528 2380 2609 comprohatam
2402 2546 2526 2587 rem
2553 2526 2748 2588 ferunt
2775 2547 2792 2588 ε
2835 2525 3017 2607 idque

772 2616 888 2731 vg}-
905 2614 1043 2666 Μ·
1101 2625 1695 2700 senatusconsultum,
1721 2646 1842 2708 quo
1869 2625 2096 2686 reditus
2123 2621 2402 2686 Ciceroni
2429 2634 2776 2706 procuratus
2799 2635 2912 2698 est,
2954 2627 3014 2686 in

776 2695 1081 2797 Sexz‘gtga.
1104 2724 1233 2784 aede
1258 2723 1433 2784 Jovis
1460 2722 1743 2784 Mariana
1765 2722 1992 2783 factum
2017 2741 2166 2782 esse.

778 2809 915 2924 135⁰·
934 2811 999 2860 ‘¹⁰
1183 2827 1324 2882 122.
1358 2819 1488 2881 Sub
1512 2820 1672 2881 idem
1701 2827 1936 2901 tempus
1959 2819 2250 2880 obtinenti
2279 2817 2494 2879 Asiam
2520 2817 2686 2880 fiatri
2709 2817 3016 2879 Ciceronis

830 2891 899 2928 xv.
1106 2917 1337 2985 Quinto
1376 2918 1539 2980 visus
1581 2936 1686 2999 per
1727 2919 1990 2999 quietem
2043 2917 2288 2978 Marcus
2327 2925 2458 2977 erat
2505 2936 2660 2997 equo
2705 2915 2782 2976 ad
2823 2917 3014 2997 ripam

1102 3014 1301 3094 magni
1324 3013 1583 3074 fluminis
1607 3013 1824 3074 advehi
1846 3034 1866 3084 ;
1893 3012 2110 3074 deinde
2136 3013 2336 3094 lapsus
2355 3013 2414 3072 in
2435 3011 2654 3072 flumen
2671 3012 2974 3094 disparere
2995 3035 3012 3083 ;

1101 3119 1397 3191 postremo
1434 3109 1700 3171 redditus
1739 3131 1866 3173 esse
1913 3111 2176 3171 moerenti
2213 3110 2406 3182 laetus,
2447 3110 2773 3189 eodemque
2792 3113 2822 3142 ²
2855 3131 3016 3190 equo

1105 3205 1415 3268 adversam
1442 3206 1772 3268 ascendisse
1797 3208 2012 3289 ripam,
2039 3215 2104 3267 et
2123 3207 2358 3268 venisse
2379 3207 2440 3266 in
2462 3206 2656 3266 fratris
2681 3207 3011 3287 amplexus.

990 3356 1001 3373 „
1106 3300 1368 3383 Cognito
1417 3303 1728 3365 Ciceronis
1773 3303 2058 3374 discessu,
2108 3301 2364 3363 Clodius
2405 3303 2654 3364 exilium
2704 3305 2764 3363 ei
2811 3305 3011 3376 scivit,

779 3402 910 3481 qut.
930 3401 1047 3452 Dio·
1103 3419 1264 3490 aqua
1288 3409 1353 3461 et
1375 3398 1500 3480 igni
1536 3399 1872 3472 interdicto,
1907 3400 2230 3479 vetitoque,
2274 3409 2292 3436 ‘
2317 3406 2392 3482 ne
2433 3420 2472 3460 a
2511 3419 2814 3480 quoquam
2856 3403 3018 3462 intra

774 3467 925 3583 Diffi·
938 3483 1081 3585 ‘¹3³3
1102 3497 1631 3577 quingentesimum
1669 3497 1748 3556 ab
1776 3481 1948 3557 Urbe
1973 3494 2227 3556 milliare
2247 3499 2268 3526 ³
2311 3505 2471 3556 tecto
2496 3498 2872 3577 reciperetur.
2945 3497 3014 3557 Si

774 3598 909 3675 qut.
930 3597 1049 3649 Dio.
1102 3593 1237 3673 quis
1260 3593 1417 3654 intra
1456 3613 1559 3655 eos
1593 3592 1745 3655 fines
1769 3593 1981 3674 ipsum,
2021 3601 2125 3653 aut
2147 3612 2186 3652 a
2211 3613 2332 3672 quo
2355 3601 2626 3674 receptus
2651 3602 2810 3654 tecto
2834 3604 3012 3665 esset,

775 3661 1066 3778 13:⁶1?ss
1100 3687 1435 3762 occidisset,
1482 3699 1552 3750 ut
1590 3691 1832 3773 impune
1859 3688 2053 3750 esset?
2132 3688 2291 3756 Quae
2337 3696 2505 3750 tanto
2547 3690 2807 3750 omnium
2847 3699 3010 3751 metu

776 3790 1061 3908 Fffikssd
1102 3786 1337 3868 perlata
1362 3788 1589 3868 rogatio
1608 3797 1724 3862 est,
1751 3795 1820 3848 ut
1842 3787 2026 3848 etiam
2045 3787 2426 3847 strenuissimi
2453 3786 2675 3868 quique
2704 3787 3014 3849 Ciceronis

776 3918 900 3986 1²3⁰·
1298 3957 1333 4005 8
1367 3953 1449 4006 Ex
1472 3955 1589 4006 Cic.
1612 3952 1824 4026 emend.
1844 3953 2000 4006 Crev.
2023 3966 2119 4018 pro
2141 3954 2380 4017 eidemque
2403 3953 2456 4004 in
2479 3952 2604 4004 edd.
2630 3953 2818 4019 priori·-

1869 4073 2104 4095 coenon
2110 4073 2230 4096 ΝΟ,

1164 4165 1185 4192 ¹
1208 4157 1348 4208 Intra
1367 4158 1794 4224 fingentum·-
1813 4159 1874 4208 ὠ
1891 4158 2019 4209 Urbe
2085 4159 2277 4224 legem,
2289 4165 2348 4208 ut
2361 4157 2460 4207 sibi
2477 4156 2612 4207 ultr·
2629 4157 3014 4223 quadringenta

1099 4223 1329 4287 udaian-e]
1379 4224 1468 4274 Sic
1520 4223 1851 4275 Plutarchus.
1915 4223 2017 4273 Dio
2087 4224 2253 4274 millia
2294 4222 2480 4273 liceret
2525 4237 2658 4274 esse.
2744 4223 2895 4276 Quad
2903 4225 3011 4273 rin·

1101 4291 1248 4339 826⁰.
1268 4289 1463 4344 stadia,
1480 4301 1599 4354 qun
1637 4289 1863 4354 equalis
1897 4298 2018 4338 sunt
2089 4297 2246 4352 genta
2262 4287 2426 4338 millia
2443 4285 2679 4338 efficiunt
2694 4286 2874 4340 leucas
2889 4303 3009 4340 nes·

1100 4352 1406 4403 milliaribus
1426 4352 1539 4404 fere
1560 4358 1678 4404 469.
1732 4354 1810 4405 At
1830 4353 2020 4404 Cicero
2090 4363 2254 4407 trates
2275 4354 2388 4420 plus
2414 4357 2524 4404 18³.
2561 4353 2704 4407 cm.

1100 4417 1214 4482 ipse
1235 4417 1385 4470 testis
1401 4425 1487 4471 est
1500 4420 1576 4470 its
1588 4427 1880 4472 correctam
1899 4431 2018 4470 esse
