3300 5234
806 593 983 661 ⁵⁰96
1765 610 1838 661 τ.
1883 610 2080 700 μνη

1220 758 1322 817 57.
1366 750 1469 813 Ibi
1494 750 1736 827 Crasso,
1763 774 1898 816 cum
1928 753 2214 817 Romano
2237 774 2400 815 more
2427 752 2608 836 pedes
2643 756 3038 838 processiset,

1142 846 1403 909 Surenae
1438 870 1658 931 equum
1709 852 1926 913 adduci
1963 853 2166 932 jussit,
2211 862 2498 933 tanquam
2547 873 2588 913 a
2629 874 2764 932 reg-e
2813 858 3040 921 muneri

1138 946 1381 1007 missum
1412 966 1429 1007 τ
1468 956 1885 1029 stratoresque,
1919 949 2086 1029 signo
2119 950 2286 1021 dato,
2327 951 2737 1030 corripuerunt
2760 951 3042 1011 Crassum

1142 1040 1692 1125 imposueruntque:
1735 1052 1862 1105 tum
1889 1044 2276 1106 admoverunt
2297 1066 2454 1126 equo
2480 1047 2700 1125 virgas,
2725 1056 2796 1108 ut
2821 1047 2886 1106 in
2909 1067 3040 1107 cur·

1138 1156 1268 1197 sum
1292 1141 1680 1201 concitarent.
1741 1134 1838 1201 A't
1853 1141 2144 1203 Octavius
2161 1144 2286 1203 viso
2311 1142 2458 1223 quid
2483 1151 2777 1233 ageretur,
2801 1162 3042 1203 manum

1140 1234 1349 1313 injecit
1366 1235 1573 1310 ἦπου,
1600 1236 1822 1320 aliique
1837 1258 1979 1299 mox
1999 1236 2266 1299 Romani
2289 1240 2818 1300 circumsteterunt.
2875 1238 3048 1301 Hinc

1139 1340 1272 1393 orto
1296 1336 1639 1407 certamine,
1669 1335 1954 1415 percussit
1975 1338 2318 1416 equisonem
2355 1336 2672 1407 Octavius,
2697 1343 2761 1397 et
2784 1336 3046 1396 vicisim

1140 1450 1181 1491 a
1202 1438 1369 1509 tergo
1394 1450 1700 1511 percussus
1741 1431 1822 1492 ab
1863 1430 1984 1493 alio
2011 1432 2271 1493 cecidit:
2313 1442 2441 1493 tum
2487 1432 2936 1493 accurrentibus
2966 1452 3044 1493 ex

1138 1530 1469 1609 composito
1494 1528 1786 1600 barbaris,
1809 1526 2098 1603 Romani,
2123 1531 2342 1611 quibus
2361 1528 2770 1591 tamceleriter
2783 1530 3048 1591 succurri

1142 1643 1181 1685 a
1214 1626 1356 1694 suis,
1403 1624 1703 1705 peditibus
1742 1625 2061 1706 plerisque,
2107 1646 2226 1687 non
2279 1634 2534 1707 poterat,
2579 1626 2846 1706 superati
2891 1634 3044 1687 sunt.

852 1745 985 1797 Plut.
1004 1750 1058 1794 ‚t
1144 1717 1395 1781 Crassus
1420 1740 1679 1802 quoque,
1706 1740 1781 1781 ne
1805 1722 1950 1803 quid
1974 1723 2146 1783 vivus
2167 1732 2488 1805 pateretur,
2513 1742 2850 1803 repugnans
2873 1722 3046 1783 inter-

821 1810 943 1861 Dio.
1144 1815 1337 1877 fectus
1372 1824 1497 1877 est:
1540 1818 1830 1878 incertum
1865 1818 2142 1879 hostiliae
2179 1838 2256 1879 an
2295 1818 2578 1879 Romana
2607 1838 2810 1878 manu.
2894 1818 3046 1879 Tum

822 1924 957 1976 Plut.
1142 1933 1289 1975 vero
1323 1914 1736 1976 Romanarum
1765 1916 2072 1997 copiarum
2107 1916 2372 1996 reliquiae
2405 1917 2622 1997 partim
2655 1914 2734 1976 de
2757 1914 2923 1975 colle
2947 1914 3044 1975 de·

1142 2030 1357 2090 gressae
1378 2012 1770 2093 permiserunt
1793 2034 1856 2073 se
1881 2015 2114 2087 victori,
2157 2014 2374 2095 partim
2407 2022 2590 2075 noctu
2627 2020 2940 2073 tentarunt
2961 2012 3050 2071 fu-

1142 2126 1279 2187 gam
1308 2128 1327 2169 :
1368 2108 1475 2169 sed
1497 2118 1816 2171 evaserunt
1836 2110 2076 2171 omnino
2095 2110 2294 2192 pauci.

1224 2210 1326 2266 68.
1369 2203 1531 2268 Haec
1554 2214 1647 2267 est
1678 2206 1895 2267 nobilis
1929 2206 2039 2267 illa
2079 2206 2488 2267 Romanorum
2515 2206 2576 2265 in
2607 2206 3050 2286 Mesopotamia

1138 2300 1366 2375 clades,
1393 2322 1516 2383 qua
1544 2302 1639 2365 M.
1667 2300 1920 2365 Crassus
1952 2324 2090 2365 cum
2119 2303 2269 2376 filio,
2297 2303 2626 2365 clarissimo
2663 2310 2730 2363 et
2761 2312 3050 2383 praestan-

1140 2398 1365 2459 tissimo
1379 2400 1627 2478 juvene,
1650 2400 2181 2482 pulcherrimisque
2215 2400 2544 2479 legionibus
2567 2400 2812 2460 interiit.
2897 2396 3052 2459 Plu-

1142 2493 1275 2553 rimi
1296 2496 1481 2555 etiam
1504 2504 1806 2557 senatores
1826 2516 1962 2559 cum
1989 2496 2222 2579 aliquot
2243 2496 2652 2557 consularibus
2673 2506 2740 2557 et
2763 2495 3052 2577 prateriis

820 2606 963 2657 Oros.
1143 2590 1462 2653 desiderati
1510 2601 1666 2653 sut.
1751 2592 1829 2655 In
1881 2594 2220 2655 universum
2259 2593 2542 2655 cecidisse
2583 2592 2798 2673 viginti
2839 2590 3050 2661 millia,

816 2672 949 2723 Plut.
1142 2686 1351 2749 decem
1374 2697 1555 2770 capta
1592 2689 1962 2751 referuntur:
2005 2690 2165 2770 quod
2203 2690 2282 2751 de
2323 2690 2617 2753 Romanis
2639 2688 3054 2751 tantummodo

819 2809 1035 2873 Appi-n.
1143 2786 1337 2865 copiis
1372 2785 1818 2865 intellig-endum
1857 2786 2126 2857 arbitror,
2162 2804 2304 2847 cum
2340 2787 2661 2867 Appianas
2693 2786 2772 2847 de
2815 2795 3052 2847 centum

822 2876 993 2925 th·
1144 2880 1408 2941 millibus
1438 2881 1764 2955 hominum,
1795 2903 1912 2944 non
1953 2892 2084 2943 tota
2121 2884 2327 2944 decem
2371 2884 2564 2944 millia
2601 2882 2822 2944 redime
2849 2886 2914 2944 in
2939 2884 3052 2964 Sy·-

814 2988 1123 3044 Flor.111.11.
1147 2980 1295 3040 riam
1320 2987 1552 3049 narret:
1598 2980 1834 3053 Florus,
1858 3000 2092 3062 sparsas
2117 2982 2177 3041 in
2205 2981 2580 3055 Armeniam,
2601 2981 2912 3053 Ciliciam,
2941 2980 3050 3062 Sy-

1146 3076 1412 3157 riamque
1436 3077 1738 3159 reliquias,
1765 3078 1870 3139 vix
1895 3078 2168 3149 nuntium
2189 3078 2384 3139 cladis
2401 3078 2696 3139 retulisse.
2751 3076 3052 3157 Magnum

822 3185 955 3235 Plin.
969 3190 1118 3239 mse.
1146 3172 1297 3233 inter
1315 3174 1423 3234 hos
1448 3174 1820 3235 Lucanorum
1835 3173 2016 3237 fuisse
2041 3194 2348 3235 numerum
2369 3183 2720 3235 annotatum
2740 3182 2858 3248 est,
2879 3194 3054 3256 prop-

1144 3277 1236 3330 ter
1286 3268 1643 3350 prodigium,
1681 3271 1844 3351 quod
1883 3290 2042 3333 anno
2079 3273 2382 3353 superiore
2425 3272 2486 3331 in
2527 3271 2792 3333 Lucanis
2833 3272 3054 3354 pluisse

1144 3365 1299 3428 ferro
1324 3368 1658 3428 nuntiatum
1697 3376 1848 3441 erat,
1877 3377 1941 3429 et
1972 3368 2244 3431 cavenda
2275 3388 2528 3449 superna
2559 3369 2814 3432 vulnera
2843 3371 3050 3431 horm-

1144 3464 1309 3545 pices
1330 3462 1774 3545 mponderant,
1815 3464 1986 3545 quasi
2019 3463 2098 3525 de
2125 3464 2490 3526 Parthorum
2521 3466 2756 3545 sagittis
2791 3467 3052 3527 monub-

1144 3569 1297 3632 sent,
1322 3580 1471 3643 ques
1496 3560 1588 3621 illi
1612 3559 1888 3622 solebant
1911 3563 2118 3623 imbris
2139 3564 2326 3623 instar
2349 3582 2646 3644 spargere,
2669 3582 2784 3623 non
2811 3563 3054 3625 directis

1144 3656 1385 3731 ictibus,
1428 3658 1537 3720 sed
1580 3658 1643 3719 in
1707 3657 1896 3720 altum
1949 3660 2198 3733 emissiS,
2247 3660 2408 3737 unde
2447 3670 2670 3723 temere
2721 3660 3054 3723 inciderent

1142 3754 1425 3834 subjectis
1442 3755 1702 3817 hostium
1727 3756 2082 3837 agminibus.

854 3851 969 3903 val.
987 3850 1125 3903 Mu·
1227 3857 1329 3913 59.
1372 3850 1649 3913 Cadaver
1689 3854 2058 3935 imperatoris
2099 3852 2250 3914 inter
2285 3860 2490 3914 cetera
2522 3872 2776 3933 corpora
2811 3850 2960 3913 feria
2995 3859 3056 3911 et

824 3922 953 4031 hg·
969 3980 1105 4033 Plut.
1148 3946 1393 4009 alitibus
1424 3942 1730 4010 relictum:
1771 3959 1956 4031 caput
1993 3968 2130 4010 cum
2169 3949 2422 4011 dextera
2459 3968 2638 4010 manu
2681 3948 2940 4009 relatum
2975 3948 3048 4008 ad

1148 4063 1369 4124 regem,
1394 4052 1523 4105 tum
1548 4047 1812 4107 maxime
1837 4046 2048 4129 epulas
2069 4066 2209 4108 cum
2238 4045 2554 4107 Artabaze
2578 4043 2876 4119 Armenio
2899 4043 3052 4105 cele-

1146 4142 1439 4205 brantem.
1520 4142 1756 4205 Pacem
1793 4145 1952 4206 enim
1983 4146 2210 4206 interea
2249 4144 2622 4226 pepigerant,
2659 4142 2906 4203 Pacoro
2931 4140 3054 4201 filio

1149 4236 1367 4299 Parthi
1416 4238 1711 4321 desponsa
1767 4240 2094 4303 Artabazis
2151 4260 2372 4305 sorore.
2455 4240 2636 4300 Forte
2683 4246 2814 4298 tum
2862 4235 3051 4299 Jaaon

1146 4334 1563 4415 tragoediarum
1588 4346 1779 4409 actor,
1805 4336 2065 4417 Agaven
2103 4338 2382 4410 recitanti,
2407 4334 2696 4417 corripuit
2721 4322 2930 4395 crassi
2951 4353 3055 4395 ca·-

1150 4441 1281 4513 Put,
1316 4452 1740 4516 quassusque,
1767 4438 2030 4497 cannina
2055 4454 2190 4518 quae
2225 4434 2306 4496 de
2329 4432 2608 4496 Pentheo
2631 4432 2854 4493 fecerat
2879 4430 3049 4491 Euri·

828 4520 952 4595 Dio:
978 4540 1109 4598 mor.
1152 4528 1324 4613 pides
1364 4531 1656 4598 recitavit.
1738 4532 1900 4597 Post
1941 4534 2056 4596 hoc
2093 4532 2314 4595 deinde
2355 4530 2696 4607 ludibrium,
2731 4530 2792 4591 in
2835 4530 3046 4592 rictam
