3300 5234
806 587 988 657 5002

1780 606 1853 658 Τ.
1900 605 2097 654 mvn

1139 748 1398 812 cladium
1462 748 1802 823 admonent,
1836 759 1873 833 Ι·
1906 768 2098 831 neque
2158 746 2357 827 magni
2417 746 2613 808 facere
2629 747 2648 775 ’
2703 744 3046 817 ostendunt,

1142 857 1162 885 ‘
1191 848 1354 928 quod
1399 856 1687 908 nocturno
1739 847 1995 907 Caesaris
2042 845 2200 906 furto
2249 852 2480 925 partem
2522 864 2757 905 suorum
2806 842 3047 903 deside-

1141 955 1310 1006 rent:
1373 946 1590 1005 virtute
1640 953 2034 1025 reparaturos,
2085 942 2246 1022 quod
2304 941 2505 1002 hostili
2562 941 2708 1003 dolo
2758 940 3048 1002 damnum

1137 1052 1382 1125 captum
1422 1042 1542 1104 sit!
1622 1041 1851 1114 Caesar,
1888 1040 1967 1100 ad
2007 1042 2135 1101 habe
2175 1040 2339 1113 dato,
2378 1039 2542 1121 quali
2583 1059 2731 1119 opus
2765 1047 2919 1110 erat,
2955 1058 3051 1099 re·-

1140 1159 1374 1219 sponso,
1424 1146 1444 1175 ‘
1469 1140 1520 1199 si
1566 1139 1807 1220 quidem
1857 1137 2004 1198 dent
2046 1138 2305 1209 obsides,
2349 1136 2646 1197 facturum
2688 1156 2825 1217 quae
2878 1144 3051 1215 pete-

1140 1243 1292 1309 rent,
1295 1236 1314 1265 ’
1351 1235 1626 1296 ostendit.
1711 1235 2039 1297 Helvetius
2082 1242 2311 1306 contra,
2358 1242 2377 1271 ‘
2406 1234 2491 1295 sic
2535 1254 2601 1294 se
2646 1252 2687 1293 a
2724 1232 3055 1311 majoribus

1137 1333 1260 1393 suis
1307 1334 1629 1407 institutos,
1682 1343 1751 1394 ut
1794 1332 2032 1394 obsides
2080 1331 2370 1414 accipere,
2420 1349 2539 1391 non
2597 1327 2745 1391 dare
2799 1348 3053 1390 consue-

1139 1430 1372 1492 verint.’
2568 1426 2595 1440 ‘

1100 1582 1108 1590 .
1226 1532 1367 1589 131.
1409 1526 1516 1589 Sic
1551 1528 1790 1607 abjecto
1830 1528 1995 1609 pacis
2028 1527 2288 1607 negotio,
2330 1547 2467 1589 cum
2498 1527 2699 1587 hostes
2734 1522 3053 1605 progrede-

1141 1632 1364 1697 rentur,
1392 1622 1598 1685 Caesar
1638 1622 1929 1687 sociorum
1966 1626 2299 1706 equitatum
2336 1624 2663 1706 praemittit,
2703 1620 3053 1702 exploratu-

1141 1740 1274 1781 rum
1315 1721 1572 1782 hostium
1618 1722 1753 1783 iter.
1836 1722 2116 1789 Quatuor
2165 1721 2353 1782 millia
2395 1720 2659 1802 equitum
2704 1725 2895 1789 erant,
2944 1718 3054 1799 qui

1141 1837 1388 1878 numero
1427 1816 1658 1891 confisi,
1702 1838 1838 1879 cum
1878 1818 2053 1899 longe
2095 1818 2470 1899 paucioribus
2512 1816 2817 1878 Helvetiis
2854 1814 3056 1875 alieno

1145 1912 1282 1974 loco
1306 1933 1565 1996 pugnam
1591 1922 2025 1977 conseruerunt.
2110 1914 2339 1975 Paucis
2360 1913 2729 1984 cadentibus,
2754 1910 2994 2003 fitfuga
3015 1932 3055 1973 a

1149 2008 1540 2090 Dumnorige,
1568 2010 1848 2091 praefecto
1886 2012 2207 2091 equitatus,
2233 2030 2411 2091 quem
2448 2010 2631 2070 AEdui
2656 2010 2889 2070 auxilio
2913 2008 3054 2069 Cae-

1146 2108 1266 2169 sari
1290 2108 1588 2180 miserant,
1614 2110 1859 2189 quique,
1890 2108 2257 2188 Orgetorigis
2280 2108 2463 2168 ducta
2496 2106 2647 2179 filia,
2688 2106 2845 2167 clam
2878 2106 3059 2166 rebus

1149 2201 1573 2266 Helvetiorum
1621 2204 1919 2265 studebat.

1155 2344 1164 2353 .
1229 2306 1372 2361 132.
1416 2299 1721 2373 Helvetii,
1737 2299 1899 2381 quod
1927 2322 2129 2362 eorum
2154 2302 2383 2382 equites
2406 2300 2709 2381 quingenti
2734 2298 3057 2360 admodum

1149 2394 1588 2457 multitudinem
1611 2406 1841 2457 tantam
1875 2396 2171 2470 fuderant,
2198 2399 2424 2478 majore
2451 2418 2585 2457 cum
2612 2394 2833 2456 fiducia
2856 2404 3059 2477 coepta

1149 2502 1598 2575 prosequuntur.
1682 2493 2073 2576 Subsequitur
2109 2496 2218 2555 iter
2253 2494 2537 2555 facientes
2562 2514 2699 2554 cum
2726 2494 2847 2553 suis
2870 2493 3060 2575 copiis

1153 2589 1384 2664 Caesar,
1411 2590 1496 2651 ita
1521 2600 1586 2651 ut
1611 2612 1716 2673 per
1740 2591 1869 2652 dies
1906 2600 2357 2673 praeterpropter
2383 2590 2743 2672 quindecim,
2772 2592 2923 2650 inter
2948 2612 3057 2652 no-

1150 2688 1453 2749 vissimum
1492 2688 1773 2760 hostium,
1806 2696 1871 2749 et
1908 2690 2161 2769 primum
2201 2688 2361 2748 illius
2395 2708 2630 2767 agmen,
2658 2708 2775 2747 non
2802 2686 3061 2768 amplius

1153 2784 1351 2864 quinis
1375 2794 1482 2845 aut
1505 2786 1661 2845 senis
1685 2785 1946 2846 millibus
1971 2806 2244 2867 passuum
2278 2788 2599 2847 interesset.
2679 2785 2838 2846 Cum
2865 2786 2951 2845 ita
2976 2784 3059 2845 ad

1154 2878 1699 2942 duodevicesimam
1738 2882 1991 2943 milliare
2032 2883 2110 2943 ab
2152 2882 2373 2964 oppido
2397 2880 2726 2943 AEduorum'
2770 2882 3061 2943 Bibracte

1085 3000 1092 3007 ·
1156 2986 1503 3057 perventum
1539 2986 1717 3051 esset,
1748 2978 1954 3040 Caesar
1978 2982 2063 3040 rei
2099 2980 2497 3040 frumentariae
2530 3000 2712 3040 eausa
2734 3000 2808 3039 eo
2830 2978 3060 3058 digres—

1154 3095 1275 3146 sus,
1295 3076 1632 3156 opinionem
1660 3077 1865 3155 injecit
1890 3078 2063 3149 hosti,
2085 3078 2294 3139 timore
2318 3086 2619 3158 correptos
2638 3076 2974 3149 Romanos,
2996 3088 3065 3139 et

1040 3185 1050 3195 ·
1153 3170 1385 3233 adversi
1411 3173 1599 3255 praelii
1636 3175 1938 3249 memoria,
1965 3174 2285 3235 discedere.
2370 3173 2565 3253 Igitur
2589 3175 2799 3234 omisso
2824 3173 3059 3247 itinere,

1152 3267 1383 3349 insequi
1430 3269 1729 3331 Caesarem
1774 3280 1952 3353 atque
1996 3271 2283 3332 lacessere
2325 3279 2645 3353 coeperunt.
2729 3270 2871 3342 Ille,
2914 3272 3061 3332 sub-

1153 3362 1352 3426 ductis
1386 3366 1448 3426 in
1489 3367 1703 3428 collem
1736 3369 1943 3449 copiis,
1968 3367 2113 3429 dum
2153 3369 2343 3430 aciem
2368 3370 2698 3440 instrueret,
2724 3370 3057 3448 equitatum

1156 3459 1237 3520 ad
1277 3462 1647 3524 sustinendos
1690 3464 1882 3525 hostes
1924 3465 2141 3525 emittit
2162 3466 2482 3550 :sarcinas
2519 3466 2583 3526 in
2626 3484 2853 3525 summo
2896 3464 3061 3527 colle

1155 3577 1340 3618 unum
1385 3559 1448 3619 in
1490 3559 1689 3620 locum
1730 3559 2004 3632 conferri,
2030 3582 2281 3641 eumque
2318 3563 2398 3621 ab
2422 3560 2811 3623 auxiliaribus
2842 3562 3061 3642 copiiS,

1156 3653 1237 3714 ad
1261 3654 1474 3733 viginti
1512 3656 1813 3717 bominum
1850 3657 2041 3718 millia
2078 3666 2267 3731 erant,
2302 3658 2647 3740 duabusque
2688 3678 2876 3739 nuper
2910 3680 3059 3720 con—

1156 3752 1388 3833 scriptis
1428 3752 1757 3832 legionibus
1793 3756 2007 3815 muniri
2042 3756 2239 3834 jubet.
2325 3755 2566 3817 Interea
2606 3754 2880 3817 Helvetii
2917 3776 3061 3818 cum

1137 3848 1434 3909 omnibus
1463 3848 1586 3909 suis
1620 3850 1802 3911 carris
1838 3852 2148 3930 suggressi,
2173 3860 2485 3933 postquam
2524 3853 2765 3913 seorsim
2804 3852 3061 3933 impedi-

1159 3952 1362 4005 menta
1395 3944 1808 4019 collocassent,
1836 3948 2059 4028 rejecto
2100 3948 2360 4011 Caesaris
2396 3950 2685 4030 equitatu,
2722 3948 2803 4011 ad
2838 3949 3063 4011 collem

1158 4039 1446 4104 instructa
1466 4043 1761 4124 phalange
1784 4054 2209 4125 processerunt.

1245 4144 1403 4201 138:
1430 4138 1657 4214 Caesar,
1682 4162 1789 4202 suo
1814 4142 2067 4223 primum
2090 4163 2270 4224 equo,
2294 4142 2511 4205 deinde
2545 4144 2827 4217 omnium,
2854 4165 2889 4205 e
2914 4164 3061 4207 con-

1162 4244 1370 4316 spectu
1412 4239 1646 4312 amotis,
1690 4246 1761 4301 ut
1800 4248 2035 4320 aequato
2078 4240 2343 4321 periculo
2388 4262 2553 4323 spem
2594 4225 3061 4322 fugae'tolleret,

1163 4342 1418 4411 quatuor
1433 4334 1722 4395 veteranis
1745 4334 2074 4415 legionibus
2097 4338 2363 4417 praelium
2382 4339 2718 4402 committit.
2784 4336 2893 4399 Ab
2912 4340 3066 4400 bora

1165 4430 1420 4509 septima
1443 4448 1627 4513 usque
1662 4432 1739 4493 ad
1763 4452 2070 4515 vesperam
2110 4434 2196 4529 ita
2233 4443 2513 4509 certatur,
2556 4444 2625 4496 ut
2660 4444 2827 4516 terga
2866 4438 3061 4497 neutri
