3300 5234
864 575 1069 627 niani
1121 575 1269 628 cvi.
1312 575 1962 630 surranum-un.
2151 652 2160 661 ·
2343 559 2522 678 5988

282 719 463 794 iilius,
490 719 595 802 qui
622 737 813 802 nuper
836 741 873 780 a
896 719 1135 784 Oaesare
1172 707 1359 784 lectos
1380 723 1617 804 equites
1640 723 1806 784 mille
1831 721 2186 794 adduxerat,

280 819 454 880 donis
478 817 830 878 militaribus
854 827 1093 900 propter
1117 820 1393 880 virmtem
1418 820 1499 881 ab
1522 841 1595 881 eo
1622 820 1824 880 multis
1849 821 2187 880 honoratus.

282 915 439 975 Cum
474 916 713 975 exirent
748 913 913 986 fano,
954 915 1205 996 primum
1244 915 1322 976 ad
1362 915 1529 978 fores·
1554 917 1799 997 impegit
1822 915 2187 986 adolescens,

279 1031 419 1072 mox
466 1020 640 1093 pater
680 1031 855 1093 super
900 1030 1117 1092 corpus
1148 1012 1410 1092 jacentia
1460 1013 1802 1093 provolutus
1851 1021 1960 1074 est.
2045 1011 2188 1073 Nec

277 1127 453 1168 omen
496 1117 729 1168 tantum
770 1108 971 1168 mortis
1006 1127 1085 1168 ea
1124 1107 1281 1168 aedes
1308 1099 1545 1180 Graio,
1580 1110 1686 1170 sed
1725 1111 1908 1170 etiam
1947 1129 2187 1170 causam

275 1201 513 1264 dedisse
566 1204 843 1265 videtur:
902 1204 1065 1284 quod
1124 1204 1241 1266 hac
1303 1207 1561 1267 maxime
1624 1206 1842 1284 injuria
1899 1204 2188 1266 credibile

276 1299 396 1360 est·
454 1310 817 1362 commotum
886 1301 1129 1362 Edessae
1194 1303 1519 1383 principem
1568 1303 1904 1382 Abgarum,
1955 1300 2186 1362 exitiali

278 1395 579 1458 Romanis
613 1398 953 1479 legionibus·
975 1398 1329 1482 proditione,
1354 1399 1599 1462 consilia
1630 1419 1770 1460 cum
1806 1399 2058 1462 Parthis
2090 1419 2186 1460 so-

277 1515 492 1557 clame.

354 1599 463 1654 22.
510 1591 686 1654 Idem
728 1613 913 1655 annus
950 1595 1187 1656 crebras
1222 1593 1531 1655 illustrium
1558 1594 1820 1655 virorum
1859 1596 2186 1656 accusatio-
2233 1608 2343 1660 cic.
2364 1609 2428 1660 ad
2449 1610 2516 1670 Q.

276 1709 383 1751 nea
406 1690 641 1762 habuit,
668 1699 752 1762 et,
780 1699 995 1771 praeter
1018 1699 1373 1752 memoratos
1410 1700 1609 1761 antea,
1647 1691 1743 1751 Μ.
1774 1689 2000 1752 Coelius
2023 1689 2185 1772 apud
2211 1673 2364 1790 3²2¹}
2377 1692 2518 1790 ἷζε,

277 1786 397 1847 Gn.
428 1785 784 1859 Domitium,
813 1788 891 1850 C.
924 1787 1185 1850 Messius
1208 1789 1370 1870 apud
1405 1788 1489 1849 P.
1529 1786 1844 1849 Servilium
1881 1797 2184 1870 praetores,
2210 1771 2400 1854 ιᾱἈιι.
2423 1773 2498 1852 fv.

276 1881 539 1963 itemque
590 1883 819 1944 Drusus
870 1893 931 1944 et
980 1883 1263 1945 Vatinius
1314 1905 1355 1944 a
1404 1883 1696 1944 Cicerone
1747 1883 1976 1946 defensi
2027 1895 2184 1945 sunt.
2210 1873 2520 1984 3522„-

277 1977 591 2040 Praeterea
617 1980 691 2041 G.
712 1980 891 2054 Cato,
918 1979 1065 2042 Sex.
1080 1981 1352 2052 Sufenas,
1372 1981 1473 2062 qui
1500 1981 1561 2041 in
1588 1981 1918 2054 tribunatu,
1937 1981 2190 2042 sublatis

274 2077 557 2148 comitiis,
602 2097 849 2156 magnas
898 2078 1103 2140 turbas
1144 2077 1450 2150 dederant,
1494 2078 1585 2138 A.
1624 2077 1709 2138 D.
1753 2094 1864 2140 111.
1933 2078 2188 2140 Nonas³

276 2175 585 2242 Quintiles
606 2175 811 2237 favore
850 2176 1281 2236 triumvirorum
1319 2175 1575 2236 absoluti
1616 2185 1772 2237 sunt.
1857 2176 1928 2238 L.
1970 2177 2188 2238 Proci-

268 2270 445 2344 lium,
470 2273 577 2352 qui
600 2271 1087 2354 patremfamilias
1114 2272 1275 2333 domi
1314 2293 1436 2334 suae
1478 2271 1800 2344 occiderat,
1838 2291 1976 2333 cum
2013 2275 2186 2334 multi

272 2368 669 2443 absolverent,
695 2370 903 2451 paucis
924 2369 1214 2450 suffragiis
1238 2371 1428 2450 major
1450 2389 1587 2451 pars
1600 2368 1880 2449 judicum
1903 2371 2188 2432 condem·

274 2466 467 2528 navit.

352 2567 457 2623 23.
500 2561 625 2624 Sed
651 2563 761 2624 ¹hic
800 2561 975 2624 ludus
1014 2571 1079 2624 et
1108 2563 1289 2642 jocus
1326 2569 1458 2624 erat
1496 2581 1619 2644 prae
1650 2562 1921 2642 judiciis,
1947 2583 2082 2644 quae
2105 2561 2188 2625 ad

269 2678 567 2719 summum
588 2659 967 2741 impudentiae
988 2669 1303 2740 provectus
1327 2660 1581 2720 ambitus
1606 2669 1935 2742 pepererat.
2019 2660 2186 2721 Can-

272 2752 465 2815 didati
504 2755 844 2817 consulatus
876 2765 1129 2838 quatuor
1160 2755 1437 2817 fuerunt:
1480 2757 1728 2818 totidem
1760 2758 2020 2818 ambitus
2048 2766 2188 2816 sunt
2241 2758 2348 2813 Cic·
2363 2763 2424 2811 td
2445 2763 2515 2822 Q.

270 2853 580 2933 postialati.
663 2852 741 2916 C.
769 2853 1143 2914 Memmius¹'¹
1184 2853 1301 2916 Gn.
1332 2853 1690 2926 Domitium,
1722 2854 1799 2915 C.
1829 2852 2182 2915 Memmium
2207 2823 2480 2942 {¹2¹3}ssss

275 2948 363 3017 Q.
390 2948 633 3010 Curtius
654 2969 785 3010 reos
806 2948 1113 3012 fecerant:
1158 2969 1197 3011 a
1234 2950 1320 3018 Q.
1351 2950 1654 3032 Pompeio
1682 2951 1778 3012 Μ.
1807 2950 2119 3021 Messalla,
2146 2970 2184 3011 a
2207 2955 2268 3004 td
2292 2954 2402 3004 Att-
2432 2971 2509 3008 ιν.

272 3043 351 3105 C.
403 3045 634 3106 Triario
690 3055 889 3107 vetere
954 3048 1197 3108 inimico
1261 3047 1359 3108 Μ.
1408 3047 1668 3109 Scaurus
1731 3049 2180 3109 accusabantur.
2208 3024 2394 3136 ἒῗὶιεῗ·
2429 3025 2509 3072 ¹⁷·

272 3141 569 3204 Consules
618 3163 853 3224 quoque
904 3141 1235 3224 flagrabant
1284 3143 1531 3216 invidia,
1574 3143 1739 3225 quod
1787 3145 2182 3226 turpissimam

270 3258 411 3299 cum
439 3239 729 3299 Memmio
763 3259 835 3300 ac
878 3239 1146 3300 Domitio
1184 3241 1517 3320 pactionem
1543 3240 1828 3316 fecerant,
1870 3248 1891 3277 ⁶
1909 3249 1978 3301 ut
2002 3241 2182 3302 ambo

270 3338 545 3398 sestertia
582 3335 989 3415 quadringena
1008 3343 1033 3370 ⁸
1072 3337 1413 3399 oonsulibus
1454 3337 1691 3410 darent,
1731 3339 1784 3399 si
1827 3346 2024 3398 essent
2067 3338 2180 3418 ipsi

269 3431 546 3494 consules
578 3433 766 3493 facti.’
834 3432 1143 3493 Dederant
1177 3453 1421 3514 operam
1450 3433 1742 3506 consules,
1779 3444 1846 3494 ut
1879 3434 2180 3514 quampri-

271 3549 433 3589 mum
458 3529 701 3589 comitia
726 3529 929 3590 haberi
951 3539 1190 3612 senatus
1222 3530 1582 3592 decerneret.
1667 3530 1792 3591 Sed
1815 3532 2181 3592 comitiorum

268 3625 489 3704 singuli
506 3625 633 3684 dies
646 3626 1013 3706 quotidianis
1035 3626 1581 3686 obnuntiationibus
1604 3626 1984 3689 tollebantur.
2049 3627 2178 3686 Sub
2205 3646 2324 3712 Dio,
2349 3662 2441 3698 u.

268 3721 453 3784 finem
492 3722 669 3802 hujus
708 3722 869 3797 anni,
910 3743 1047 3785 cum
1086 3725 1425 3806 peregrinas
1464 3723 1782 3805 religiones
1817 3724 2178 3786 invalescere

772 3909 803 3956 ⁸
836 3905 905 3958 A.
926 3907 997 3960 D.
1020 3907 1190 3960 Nonas
1210 3906 1477 3960 edd.ante
1500 3907 1658 3962 (ἶπον.

1294 4035 1420 4057 0090

342 4129 359 4165 Ι
388 4129 529 4191 Quod
548 4129 637 4179 ke
654 4128 863 4180 καὶαι
886 4127 1070 4190 istiu-ia
1088 4143 1192 4180 ers-
1261 4127 1363 4193 bis,
1384 4129 1475 4196 qni
1496 4145 1652 4195 supra
1674 4143 1792 4194 cap.
1810 4132 1862 4179 ⁸.
1892 4125 2174 4180 Gabinium

264 4195 418 4244 dibile
434 4195 534 4259 est]
562 4193 697 4243 Hac
714 4194 1053 4245 Freinshemii
1068 4209 1193 4246 con·
1261 4209 1535 4246 accusasse
1558 4203 1894 4254 memoratur,
1929 4203 1984 4243 et
2005 4193 2176 4242 diver-

260 4260 478 4324 jectura
501 4259 557 4308 in
592 4259 795 4310 irritum
814 4259 975 4324 cadit,
1005 4261 1051 4310 si
1075 4260 1189 4324 qui·
1260 4274 1347 4310 sus
1370 4269 1455 4338 est
1476 4276 1507 4311 a
1528 4263 1588 4310 C.
1608 4260 1856 4311 Memmio
1876 4259 2176 4310 consulatus

270 4323 1035 4440 gz‘ssssffssiiifflsstssgtzssf
1070 4325 1187 4378 ‘¹¹¹'
1257 4325 2000 4454 ⁰⁸²“535222’4AE2‘32mm1
2031 4388 2176 4437 m...

336 4460 377 4490 ¹·
410 4455 473 4505 C.
496 4453 777 4518 Mennim]
796 4455 1057 4506 Tribunus
1075 4455 1185 4520 ple·
1256 4469 1345 4508 cas
1366 4458 1571 4520 argenti
1595 4459 1740 4506 1562.
1755 4457 1934 4506 uncias
1950 4461 2001 4506 4.
2028 4456 2174 4504 Creo·
