3300 5234
854 547 1064 598 12113131
1111 547 1265 598 civ.
1310 544 1872 598 SUPPLEMRNTU
1882 547 1961 596 M.

274 689 497 763 ferens,
512 710 635 752 non
658 687 834 752 aliter
858 709 1040 774 quam
1052 698 1116 752 et
1135 697 1155 726 ¹
1184 689 1308 753 alia
1332 690 1521 752 multa
1534 689 1855 761 vocabula,
1865 673 2011 770 'qu'ae
2031 687 2193 770 apud

275 787 545 867 ejusdem
590 788 781 867 gentis
830 789 1025 850 varios
1044 813 1055 826 ·
1074 786 1325 869 populos
1376 786 1551 848 aliter
1597 793 1778 867 atque
1829 786 2004 847 aliter
2047 787 2192 846 effe-

276 892 507 944 runtur.

368 987 466 1040 10.
512 979 645 1040 Sub
680 979 879 1041 Cattis
916 979 1163 1062 Usipios
1193 980 1630 1060 Tencterosque
1665 977 1746 1040 ad
1782 976 2069 1038 Rhenum
2105 975 2194 1038 lo·

276 1097 425 1138 cans
448 1075 726 1149 Tacitus,
752 1075 915 1137 haud
938 1077 1121 1138 dubie
1146 1085 1403 1138 tractum
1437 1076 1559 1137 illis
1594 1076 1876 1155 assignat,
1915 1075 2018 1135 ubi
2042 1093 2198 1134 nunc

282 1173 503 1235 Franci
551 1173 759 1235 colunt
792 1174 871 1235 ad
910 1172 1117 1234 Salam
1152 1173 1541 1254 Moeuumque
1566 1171 1852 1232 flumina:
1896 1172 2047 1232 inter
2073 1169 2199 1231 Bo-

284 1271 487 1332 hemos
516 1269 908 1356 Noricosque
934 1279 997 1330 et
1022 1269 1329 1342 Rhenum,
1358 1290 1397 1331 a
1430 1268 1678 1330 meridie
1719 1266 2006 1329 Sueviam
2029 1287 2202 1348 spec-

284 1375 499 1438 tantes,
528 1367 609 1427 ab
650 1366 929 1447 aquilone
954 1365 1319 1446 Tui-ingiam.
1405 1364 1529 1428 Sed
1568 1373 1631 1426 et
1658 1363 2024 1450 clivensium
2059 1361 2204 1424 fines

286 1463 543 1524 tenuisse
586 1462 867 1524 videntur
887 1483 908 1525 t
950 1470 1016 1523 et
1047 1483 1184 1545 quae
1218 1463 1298 1523 ad
1334 1461 1619 1523 Rhenum
1661 1461 1800 1521 inde
1833 1461 1972 1521 loca
2003 1479 2205 1522 versus

291 1559 782 1621 Francofordiam
820 1579 1005 1640 usque
1030 1559 1347 1641 pertinent,
1377 1557 1711 1620 Hassorum
1731 1557 1907 1618 hodie
1927 1556 2096 1618 ditio.

378 1663 475 1716 11.
540 1654 737 1716 Juxta
784 1653 1107 1716 Tencteros
1161 1654 1439 1716 Bructeri
1489 1655 1898 1724 occurrebant,
1954 1671 2206 1734 quorum

292 1771 499 1830 agrum
543 1753 697 1812 inter
732 1751 1034 1812 Amisiam
1070 1751 1483 1833 Luppiamque
1530 1772 1734 1812 amnes
1772 1771 1810 1812 a
1845 1749 2208 1811 Germanico

288 1857 589 1910 vastatum
636 1847 883 1909 Tacitus
920 1846 1143 1910 retulit.
1226 1848 1325 1910 Hi
1363 1858 1494 1910 tum
1542 1849 1740 1910 ultimi
1788 1847 2208 1913 Bructerorum

294 1953 484 2006 erant.
574 1945 737 2030 Pars
782 1943 903 2006 alia
948 1945 1071 2006 late
1122 1953 1311 2028 terras
1356 1946 1509 2007 inter
1561 1943 1770 2006 Salam
1813 1941 2210 2025 Westphalioe

294 2042 549 2104 fluvium
596 2061 671 2102 ac
712 2040 997 2104 Rhenum
1033 2039 1395 2123 interceptas
1434 2042 1796 2124 possidebat.
1877 2041 1983 2102 Ita
2014 2039 2210 2100 Julia-

295 2140 491 2200 censis
523 2138 954 2219 Bergensisque
980 2147 1043 2200 et
1068 2138 1367 2202 clivensis
1384 2138 1674 2200 ditionum
1699 2147 1914 2219 partes,
1941 2136 2209 2197 Comita-

294 2245 545 2316 tumque
580 2235 961 2308 Marcanum,
982 2243 1046 2296 et
1069 2235 1424 2316 Lippensem
1448 2254 1637 2315 usque
1664 2235 1726 2294 in
1745 2232 2210 2315 Westphuliam,

298 2352 338 2391 a
366 2331 673 2392 Bructeris
696 2331 1032 2392 habitatum
1059 2331 1259 2404 fuisse,
1278 2353 1397 2392 nou
1422 2332 1684 2393 absurda
1705 2331 1908 2412 opinio
1927 2339 2034 2391 est.
2118 2329 2214 2390 At

302 2427 607 2490 Ubiorum
632 2427 805 2490 sedes
829 2427 1091 2489 Colonia
1126 2435 1437 2501 monstrat,
1462 2437 1690 2488 certum
1713 2424 2059 2507 clarumque
2083 2446 2212 2487 mo·

301 2533 669 2585 numentum.

384 2627 491 2681 12.
536 2620 648 2682 Ab
672 2621 765 2682 his
780 2622 967 2700 juxta
992 2619 1199 2680 Rheni
1225 2619 1377 2680 ostia
1401 2627 1466 2679 et
1485 2617 1706 2682 Frisios
1730 2618 2046 2690 Sicambri,
2071 2637 2212 2678 mox

308 2718 609 2792 Chamavi
642 2727 705 2778 et
740 2717 1111 2798 Angrivarii,
1146 2714 1362 2776 deinde
1397 2713 1724 2787 Tubantes,
1753 2723 1964 2797 postea
1989 2713 2211 2800 Usipii,

310 2823 437 2875 tum
486 2814 731 2887 Franci,
780 2813 859 2877 ad
899 2821 1229 2875 extremum
1262 2810 1627 2894 westphali,
1684 2808 2214 2874 Monasteriensem

308 2931 519 2990 agrum
558 2910 891 2992 Cliviaeque
932 2920 997 2971 et
1030 2909 1389 2970 Geldrorum
1427 2917 1656 2989 partem
1695 2908 2027 2968 tenuerunt.
2107 2907 2217 2968 Ab

312 3007 689 3088 Angrivariis
722 3016 883 3070 certe
929 3006 1179 3086 Angriae
1218 3005 1471 3067 ducatus
1505 3004 1584 3066 ad
1614 3004 1925 3086 Visurgim
1960 3025 2216 3078 amnem,

312 3109 419 3187 qui
444 3127 605 3166 nunc
630 3107 781 3166 inter
804 3105 1013 3167 titulos
1040 3105 1464 3186 archiepiscopi
1493 3102 1868 3164 coloniensis
1891 3110 2004 3176 est,
2031 3104 2219 3164 nomi-

312 3213 491 3264 natus
532 3203 811 3264 creditur.
894 3203 965 3264 A
998 3203 1214 3283 quibus
1242 3201 1459 3264 diversi
1483 3200 1822 3286 Ansibarii,
1845 3200 2144 3282 quondam
2181 3219 2220 3260 a

318 3300 587 3362 Chaucis
636 3298 815 3381 pulsi,
857 3319 1083 3362 vacuos
1119 3301 1306 3378 juxta
1359 3296 1683 3358 Frisiorum
1731 3297 2000 3376 regiones
2050 3315 2221 3375 agros

309 3397 689 3458 insederunt:
743 3416 893 3477 quos
924 3395 1143 3458 deinde
1189 3397 1433 3457 Francis
1469 3393 1860 3456 Marcellinus
1901 3394 2219 3456 accensuit.

320 3494 719 3574 Angrivarios
756 3513 795 3554 a
842 3501 1007 3573 tergo
1045 3493 1359 3572 Dulgibini
1398 3500 1462 3553 et
1499 3491 1809 3552 Chasuarii
1839 3489 2218 3552 claudebant.

202 3646 211 3652 .
318 3590 397 3652 In
426 3591 619 3652 fronte
647 3588 821 3650 Frisii
844 3609 1031 3670 usque
1070 3588 1149 3650 ad
1174 3608 1461 3650 oceanum
1486 3589 1845 3669 pertingunt,
1873 3586 2221 3669 populosum

317 3707 529 3768 genus,
568 3686 631 3746 in
666 3687 919 3765 majores
948 3685 1315 3765 minoresque
1352 3684 1726 3745 distinctum:
1769 3704 1924 3746 nunc
1964 3685 2222 3746 orienta-

318 3786 470 3847 lium
512 3793 577 3844 et
612 3782 1071 3856 occidentalium
1122 3782 1453 3843 nominibus
1490 3781 1852 3843 dividuntur.
1936 3781 2100 3842 Hoec
2141 3781 2222 3842 ad

318 3880 695 3944 occidentem
718 3881 904 3946 solem
930 3879 1143 3940 veteris
1167 3877 1509 3940 Germaniae
1532 3875 1743 3939 tabula
1763 3885 1874 3938 est.

396 3983 505 4038 13.
548 3976 619 4037 A
662 3975 1075 4058 septemtrione
1121 3974 1501 4036 Chaucorum
1546 3993 1690 4052 gens
1741 3994 1780 4034 a
1827 3972 2034 4034 Frisiis
2076 3972 2222 4035 inci-

318 4075 513 4157 piens,
550 4083 896 4156 partemque
922 4072 1137 4133 littoris
1158 4091 1477 4153 occupans,
1504 4080 1670 4151 terga
1689 4071 1948 4151 gentium
1975 4069 2222 4131 Rhena-

320 4191 537 4232 narum
572 4170 825 4243 claudit,
862 4190 1051 4250 usque
1090 4167 1234 4230 dum
1265 4170 1327 4229 iu
1356 4167 1569 4229 Cattos
1594 4168 1818 4246 ingenti
1843 4169 1972 4228 sinu
1999 4166 2224 4228 redeat.

324 4269 431 4332 Hi
453 4289 691 4352 quoque
714 4269 969 4349 majores
992 4259 1358 4348 minoresque
1382 4263 1858 4347 appellabantur.
1958 4264 2227 4347 Majores

811 4443 841 4490 1
882 4438 952 4489 Ue
973 4450 1070 4504 pro
1085 4443 1135 4491 et
1152 4435 1429 4503 legebatur
1449 4441 1574 4488 ante
1594 4434 1751 4489 Crev-

2343 531 2522 599 5015
