3300 5234
798 608 1007 675 unni
1054 600 1272 658 oxvl.
1312 604 1965 659 sunnam-urum·
2151 620 2157 624 ·
2325 576 2503 653 53⁷1

348 762 453 821 97.
496 762 517 796 ¹
537 749 761 817 Videte
786 752 967 833 igitur
983 738 1132 835 qnid
1156 743 1463 814 interillos
1486 770 1708 832 nosque
1731 749 1978 811 intersit.
2036 744 2170 821 Illi,

263 872 519 934 quorum
546 861 685 915 acta
708 851 909 912 valere
934 860 1139 913 contra
1152 851 1453 931 justitiam
1476 849 1704 909 utilitas
1719 850 1931 920 vincit,
1956 846 2170 914 effece-

260 960 405 1011 runt
428 960 499 1010 ut
522 948 625 1009 alii
666 950 831 1010 vobis
864 949 1141 1031 suspecti,
1182 968 1288 1009 vos
1323 947 1457 1009 aliis
1490 948 1666 1010 invisi
1699 947 1922 1007 essetis.
2007 943 2172 1019 Nos,

264 1048 486 1128 quibus
510 1048 614 1127 qui
649 1066 803 1107 nunc
838 1056 978 1108 sunt
1014 1047 1075 1106 in
1109 1045 1421 1127 republica
1459 1046 1756 1126 principes
1795 1044 2170 1105 incolumita-

260 1153 389 1203 tem
425 1143 637 1205 dicunt
672 1142 1005 1205 clementiae
1043 1150 1108 1203 et
1138 1142 1555 1203 misericordiae
1596 1162 1780 1203 causa
1821 1140 2169 1213 concedere,

254 1239 379 1301 boc
404 1242 633 1320 aginam
657 1248 725 1302 ut
750 1240 1069 1302 eorundem
1101 1240 1365 1301 omnium
1388 1260 1503 1300 non
1532 1239 1711 1300 modo
1735 1258 1944 1301 secura
1976 1238 2169 1309 vobis,

257 1336 585 1398 sed·etiam
620 1345 756 1398 tuta
788 1338 866 1397 sit
899 1338 1205 1418 possessiO.
1290 1336 1619 1409 Fallimini,
1660 1336 1710 1395 si
1746 1336 2174 1397 vestris-armis

258 1432 472 1506 fiditis,
500 1442 563 1494 et
584 1435 785 1495 omnia
809 1436 1032 1515 putatis
1072 1454 1200 1495 esse
1234 1434 1293 1493 in
1322 1435 1595 1516 prasenti
1619 1434 1908 1515 potentia.
1991 1431 2168 1492 Tem-

257 1551 377 1611 pus
407 1532 573 1592 varie
596 1542 797 1592 versat
818 1550 911 1591 res
936 1532 1245 1603 humanas,
1272 1538 1337 1592 et
1352 1533 1724 1593 occasionem
1757 1550 1917 1613 saepe
1942 1530 2172 1613 praebet

254 1626 679 1690 infirmioribus
700 1628 981 1690 adversus
1002 1630 1453 1691 robustissimos.
1528 1630 1800 1690 Pereant
1821 1629 2170 1709 quimorem

255 1732 387 1785 tam
412 1723 761 1786 illiberalem
786 1724 1151 1786 reduxerunt
1176 1726 1237 1787 in
1260 1726 1470 1799 vitam,
1499 1727 1720 1807 quique
1746 1725 2052 1786 inductum
2077 1744 2168 1785 re-
2221 1764 2228 1773 -

256 1821 475 1895 tinent,
516 1832 583 1883 ut
616 1824 933 1905 potentiori
968 1823 1266 1905 quidlibet
1304 1823 1527 1885 liceatl
1571 1832 1635 1883 et
1674 1822 1940 1906 profecto
1975 1824 2168 1904 perie-

254 1927 419 1979 runt.
504 1918 703 1980 Etiam
728 1919 1115 1992 crocodilum,
1138 1928 1264 1981 tam
1289 1928 1354 1981 et
1375 1918 1642 1981 validam
1674 1928 1736 1979 et
1759 1927 2015 1982 astutam
2041 1920 2170 1981 bel·
2191 1912 2492 1967 &fin-⁰⁰⁸⁶·

258 2014 451 2090 luam,
494 2026 855 2080 contemtum
906 2016 1336 2080 animalculum
1386 2018 1736 2079 ichneumon
1783 2017 2169 2079 dormientem

256 2110 563 2175 interimit.
648 2112 755 2175 Ne
789 2113 923 2195 quis
960 2115 1144 2175 tantis
1180 2116 1409 2176 viribus
1443 2122 1730 2194 tantaque
1751 2112 2070 2194 vigilantia
2091 2114 2173 2175 sit

250 2212 485 2292 praedo,
514 2213 655 2292 quin
697 2232 855 2294 saepe
894 2232 1013 2273 non
1050 2212 1300 2274 aliorum
1340 2211 1519 2273 modo
1558 2210 1904 2293 praedonum
1945 2210 2171 2273 insidiis

250 2318 491 2393 pateat,
515 2308 621 2370 sed
646 2330 850 2370 eorum
880 2309 1065 2371 etiam
1090 2330 1241 2391 quos
1268 2309 1568 2391 spoliavit.
1596 2306 1742 2368 Nisi
1764 2310 1904 2387 jure
1929 2316 1996 2369 et
2019 2309 2167 2367 ami-

252 2406 405 2468 citia
428 2426 535 2467 nos
558 2416 875 2487 nostraque
897 2407 1252 2480 muniamus,
1280 2406 1431 2467 nihil
1456 2405 1627 2466 nobis
1649 2422 1910 2485 unquam
1938 2412 2168 2466 certum

253 2514 367 2567 aut
390 2504 655 2585 quietum
672 2506 805 2565 erit.

337 2608 439 2663 98.
482 2609 501 2637 ‘
522 2599 662 2661 Nos
710 2601 906 2681 igitur,
958 2602 1062 2683 qui
1104 2622 1211 2682 pro
1262 2601 1563 2661 communi
1612 2601 1888 2662 libertate
1936 2598 2170 2659 facinus

252 2698 714 2780 pulcherrimum
755 2698 869 2758 soli
908 2696 1177 2770 fecimus,
1227 2697 1446 2778 primos
1490 2697 1822 2759 allaborare
1861 2698 2166 2769 convenit,

253 2796 347 2855 uti
375 2802 783 2875 recuperatum
807 2814 1023 2855 munus
1046 2794 1123 2855 ad
1150 2814 1354 2860 omnes
1378 2814 1457 2856 ex
1484 2816 1660 2875 aequo
1680 2795 1844 2856 cives
1871 2794 2166 2856 communi

250 2890 469 2952 laetitia
519 2889 835 2973 fructuque
887 2891 1214 2974 perveniat.
1315 2890 1511 2971 Igitur
1554 2900 1619 2952 et
1666 2912 1802 2973 quae
1857 2891 2168 2972 accepistis

251 2986 694 3061 confirmamus,
720 2996 805 3059 et,
834 3009 955 3069 quo
981 2987 1152 3049 vobis
1191 2988 1431 3070 propria
1454 2988 1533 3047 sit
1560 3008 1634 3049 ac
1661 2990 1830 3068 justa
1861 2987 2165 3069 possessio,

252 3085 692 3165 quamprimum
739 3104 846 3166 per
888 3084 1237 3165 reipublicae
1282 3085 1660 3145 necessitates
1705 3084 1942 3165 poterit,
1987 3084 2165 3144 enixe

250 3180 529 3241 dabimus
553 3202 796 3265 operam
834 3191 904 3242 ut
941 3181 1235 3264 prioribus
1274 3181 1531 3242 dominis
1569 3183 1823 3263 pretium
1850 3200 1928 3242 ex
1955 3181 2167 3241 aerario

248 3276 533 3339 solvatur.
617 3278 723 3339 Ita
747 3279 916 3339 nobis
941 3286 1121 3359 atque
1151 3277 1496 3360 reipublicae
1521 3280 1858 3360 pruentia,
1885 3299 2020 3358 quae
2043 3288 2163 3339 tes-

248 3383 472 3448 tamur,
500 3377 763 3448 numina,
797 3374 1083 3457 quicquid
1114 3376 1339 3457 optimo
1377 3376 1682 3458 'proposito
1715 3375 1984 3450 fecimus,
2010 3376 2164 3437 bene

248 3474 485 3535 evenire
502 3474 801 3552 jubeant.²

334 3576 438 3633 99.
469 3569 633 3631 Haec
656 3570 846 3632 oratio
866 3569 1049 3631 valde
1074 3570 1374 3651 mitigavit
1399 3572 1627 3632 animos
1650 3590 1667 3631 t
1695 3570 2016 3652 praesertim
2036 3572 2163 3645 ubi,
2189 3579 2411 3647 Appia.

250 3666 446 3727 mimis
469 3668 650 3728 etiam
679 3669 739 3727 in
766 3667 959 3728 forum
982 3664 1225 3740 tabulis,
1252 3668 1464 3730 eadem
1488 3669 1708 3750 scripto
1731 3668 1984 3751 polliciti
2003 3658 2162 3730 sunt.

252 3764 515 3848 Jamque
542 3786 694 3825 unus
718 3766 982 3827 omnium
1005 3786 1205 3827 sensus
1231 3776 1383 3839 erat,
1411 3776 1429 3805 ⁴
1453 3767 1803 3829 fortissimos
1826 3777 1889 3829 et
1923 3769 2162 3850 reipub-

248 3860 387 3923 licae
430 3864 865 3924 amantissimos
903 3864 1063 3925 viros
1102 3864 1385 3943 dig-nitati
1418 3884 1542 3925 suae
1580 3864 1810 3925 restitui
1849 3867 2162 3947 oportere?

252 3956 380 4019 Sed
414 3960 801 4022 invitantibus
839 3960 916 4023 ad
956 3961 1434 4023 descendendum
1476 3960 1656 4022 Bruti
1682 3962 2044 4045 Cassiusque
2069 3980 2160 4024 re-
2186 3974 2304 4029 Dio.

247 4056 634 4138 spondetunt,
672 4066 691 4093 ‘
708 4056 993 4131 facturos,
1027 4058 1205 4119 simul
1244 4067 1377 4120 tuto
1416 4058 1719 4141 possent.’·
1775 4058 1972 4139 Igitur
2003 4062 2160 4123 obsi-
2185 4042 2454 4158 Αῶξῖῗξῇὓ

247 4154 359 4215 des
394 4154 457 4214 in
497 4152 868 4235 Capitolium
898 4154 1054 4215 mitti
1087 4154 1353 4236 placuit:
1394 4156 1674 4236 missique
1708 4155 1990 4237 parvulus
2025 4156 2161 4217 An·
2187 4189 2228 4223 ι.
2247 4142 2327 4223 1θῖ
2352 4182 2402 4221 et
2423 4142 2488 4223 ιε’.

248 4251 397 4313 ιοιιῑῑ
424 4248 584 4309 filius
608 4270 745 4311 eum
778 4250 872 4311 M.
912 4250 1126 4332 Lepidi
1152 4252 1372 4313 liberis.
1458 4251 1689 4334 Lepido
1716 4252 1920 4314 ulcisci
1957 4252 2160 4314 caesa-
2186 4240 2318 4351 372„-
2338 4304 2472 4350 ΜΒ

248 4368 374 4408 rem
416 4347 645 4409 animus
676 4347 891 4408 fuerat.
974 4347 1096 4409 Sed
1136 4348 1453 4409 destitutus
1486 4368 1526 4409 a
1558 4350 1846 4420 militibus
1879 4350 2064 4411 otium
2099 4360 2162 4411 et
2217 4336 2490 4414 Plut.An-'

246 4444 629 4507 concordiam
654 4444 1079 4527 spectantibus,
1104 4446 1251 4506 nihil
1278 4444 1577 4508 audebat:
1620 4456 1686 4509 et
1707 4448 2000 4509 suadebat
2024 4446 2159 4508 An·
2185 4438 2340 4549 ἓξὲξ*
2353 4432 2489 4481 Brut.
