3300 5234
693 570 873 637 5434
1666 587 1736 637 τ.
1785 588 1975 637 mvn

692 738 997 793 vennam.
1020 738 1194 811 gatus
1218 752 1257 793 a
1286 730 1529 791 Mutina
1566 730 1814 811 petebat
1856 730 2073 813 Alpes,
2115 730 2206 790 vir
2242 728 2523 791 adversus
2561 729 2934 791 incommoda

688 802 909 919 Assss'ff'·
1020 846 1137 889 non
1166 828 1357 888 minus
1382 828 1692 909 pervicax,
1718 847 1899 908 quam
1925 827 2118 897 luxui,
2159 825 2360 907 quoad
2387 835 2650 898 vacaret,
2675 826 2930 887 deditus.

690 933 881 985 Aaron.
1020 922 1218 1001 Igitur
1250 934 1314 985 et
1348 926 1407 985 in
1448 924 1563 985 hoc
1590 923 1799 985 itinere
1831 923 2052 985 diversi
2091 933 2156 983 et
2190 943 2358 1004 paene
2389 924 2666 983 contrarii
2703 924 2932 1002 generis

1014 1020 1375 1082 documenta
1396 1020 1623 1083 edidit:
1659 1021 2006 1102 plerumque
2027 1020 2288 1081 tolerans
2307 1019 2522 1080 inediae
2545 1028 2608 1079 et
2631 1019 2928 1093 laborum,

1012 1137 1191 1199 supra
1216 1138 1393 1199 quam
1414 1120 1494 1179 sit
1510 1116 1834 1179 credibile:
1865 1117 2098 1187 iterum,
2127 1116 2230 1176 ubi
2250 1116 2564 1177 videbatur
2579 1136 2704 1176 esse
2723 1115 2930 1197 aliqua

1012 1216 1271 1289 occasio,
1310 1214 1581 1298 profusus
1622 1216 1682 1276 in
1720 1216 1924 1276 vinnm
1965 1224 2030 1275 et
2067 1213 2295 1295 epulas.
2379 1214 2561 1275 Unde
2601 1234 2716 1275 non
2745 1214 2928 1275 inele-

716 1330 935 1382 Μωωυ,
1011 1322 1219 1391 gauter
1258 1314 1622 1395 respondisse
1665 1314 1826 1373 visus
1867 1322 1959 1373 est
1985 1310 2366 1374 familiarium
2391 1313 2522 1392 ejus
2545 1332 2718 1382 unus,
2761 1332 2928 1392 qnae-

682 1394 785 1445 ⁸⁸¹·
808 1412 873 1445 ¹¹·
896 1400 947 1447 ²·
1008 1411 1161 1469 renti
1204 1410 1350 1491 quid
1394 1410 1699 1471 Antonius
1739 1417 1976 1488 ageret:
2023 1418 2042 1445 ‘
2073 1408 2258 1476 Quod
2305 1410 2471 1469 08⁰3ss
2517 1410 2576 1469 5¹¹
2621 1408 2926 1490 AEss'yptoi

682 1492 985 1612 Ἑῗξθῖῐπ
1010 1504 1165 1566 bibit
1186 1516 1251 1567 et
1272 1505 1427 1587 fugit
1448 1507 1488 1567 :’
1526 1505 1772 1587 quando
1799 1506 1859 1565 in
1887 1504 2008 1565 illis
2036 1506 2380 1583 regionibus
2403 1525 2585 1566 canes
2609 1515 2768 1566 metu
2795 1526 2928 1567 cro—

680 1622 816 1675 Ριιι,
1006 1602 1339 1665 codilorum
1374 1603 1666 1665 currendo
1691 1602 1907 1664 bibunt
1940 1624 2017 1663 ex
2061 1602 2322 1663 flumine.
2407 1602 2532 1664 Sed
2565 1604 2785 1684 saepius
2819 1604 2926 1663 vix

1008 1702 1467 1763 necessariorum
1494 1712 1623 1763 erat
1646 1702 1860 1783 copia:
1889 1710 1958 1761 ut
1981 1710 2044 1761 et
2066 1700 2534 1761 cortice‘vixisse
2553 1702 2746 1781 copiae
2771 1702 2926 1780 ejus,

1004 1806 1070 1857 et
1093 1798 1317 1859 nullius
1344 1798 1619 1860 animalis
1642 1799 1926 1859 carnibus
1950 1798 2303 1859 abstinuisse
2329 1798 2658 1858 tradantur.

712 1888 824 1938 0⁵⁰·
850 1888 916 1939 ad
1084 1902 1187 1957 44.
1232 1894 1381 1958 Non
1424 1906 1557 1957 erat
1592 1894 1854 1957 difficilis
1887 1895 2276 1975 extinguendi
2317 1894 2430 1955 hoc
2471 1904 2734 1976 tempore
2773 1894 2924 1954 belli

674 1952 937 2072 fffisfsst
1004 1990 1195 2064 labor,
1235 1994 1285 2053 si
1322 1994 1455 2073 quis
1480 1994 1710 2075 insequi
1735 1992 2061 2073 fugientem
2089 1992 2389 2054 voluisset.
2475 1990 2706 2053 Verum
2731 1994 2923 2053 enim-

672 2086 756 2195 ³1⁸·
794 2148 809 2161 ,
1002 2106 1147 2149 vero
1172 2088 1473 2151 Caesarem
1514 2089 1867 2169 indignatio,
1909 2089 2072 2170 quod
2102 2089 2299 2150 Bruto
2323 2088 2668 2150 mandatum
2693 2087 2919 2149 bellum

674 2162 893 2263 ngm‘
1000 2195 1151 2258 erat,
1180 2196 1511 2249 averterat:
1557 2187 1783 2247 Brutus
1808 2188 2076 2248 insanum
2113 2188 2374 2257 rebatur,
2415 2186 2638 2248 inimici
2675 2188 2768 2246 sui
2810 2187 2918 2248 ad-

668 2290 806 2343 Plut.
1003 2284 1319 2344 versarium
1362 2304 1469 2345 suo
1514 2282 1784 2366 periculo
1825 2284 2054 2346 tollere.
2137 2282 2452 2345 Tendebat
2493 2282 2572 2343 ad
2624 2282 2916 2365 Lepidum

668 2358 975 2477 Ἑξαὲιη.
996 2393 1195 2444 castra
1218 2392 1384 2443 trans
1410 2382 1612 2464 Alpes
1638 2383 1982 2443 habentem.
2069 2381 2220 2443 Erat
2261 2391 2324 2443 et
2357 2382 2420 2441 in
2449 2380 2556 2442 illo
2583 2402 2738 2463 spes,
2765 2401 2916 2463 pon-

702 2488 875 2553 supra,
996 2482 1288 2545 tificatum
1313 2488 1377 2540 et
1400 2478 1523 2539 alia
1548 2478 1828 2560 quasdam
1857 2478 2108 2539 Antonii
2134 2479 2348 2539 studiis
2379 2487 2724 2549 consecuto,
2765 2487 2830 2539 et
2853 2479 2912 2538 in

666 2567 863 2669 ffissn·
884 2558 932 2607 ο·
995 2578 1288 2649 exercitu,
1336 2577 1397 2635 in
1440 2597 1563 2657 quo
1604 2575 1822 2637 multos
1865 2575 2094 2636 sciebat
2141 2576 2262 2635 suis
2303 2576 2572 2656 partibus
2619 2574 2912 2635 addictos.

666 2683 883 2747 Appian.
996 2674 1350 2738 Custodiam
1392 2671 1649 2755 Alpium
1699 2670 1964 2753 Lepidus
2009 2671 2290 2733 Culleoni
2337 2672 2743 2734 mandaverat.
2845 2673 2916 2734 Is

664 2748 800 2800 ΡΜ·
823 2754 971 2801 “¹⁶⁴⁰
992 2774 1307 2834 transitum
1356 2771 1627 2832 Antonio
1664 2769 1855 2841 dedit,
1897 2778 1966 2829 ut
2006 2778 2314 2849 penetrare
2350 2769 2410 2829 in
2454 2767 2912 2830 Narbonensem

702 2876 812 2928 cic.
838 2878 905 2929 ul
994 2868 1267 2931 Galliam
1296 2876 1513 2951 posset,
1544 2867 1647 2927 ubi
1673 2875 1872 2927 castra
1897 2865 1979 2926 ad
2005 2864 2224 2927 flumen
2254 2866 2626 2947 Argenteum
2649 2866 2914 2948 Lepidus

664 2940 970 2996 Fm·¹·⁸⁴·
993 2968 1280 3028 habebat.

696 3071 805 3123 Cic.
828 3072 893 3121 ad
1075 3070 1179 3123 45.
1210 3062 1465 3123 Interim
1492 3072 1555 3121 et
1579 3060 1666 3121 P.
1697 3059 2024 3121 Ventidius
2045 3080 2184 3121 cum
2213 3060 2404 3121 tribus
2427 3060 2550 3120 suis
2576 3060 2910 3139 legionibus

660 3135 922 3255 ξζῖεῗι
992 3160 1073 3221 ad
1087 3159 1461 3221 Antonium²
1489 3158 1667 3219 venit.
1731 3157 1976 3226 Quibus
1995 3157 2270 3237 receptis,
2287 3156 2450 3218 haud
2469 3158 2674 3238 procul
2693 3158 2909 3240 Lepidi

657 3265 877 3331 Appius.
988 3259 1199 3318 castris
1234 3266 1433 3317 castra
1468 3256 1664 3337 posita
1701 3264 1858 3326 sunt,
1901 3254 2070 3315 nullo
2095 3256 2326 3314 munita
2350 3254 2537 3323 vallo,
2577 3263 2648 3314 ut
2674 3256 2908 3316 venisse

990 3354 1069 3414 ad
1096 3354 1319 3414 amicos
1346 3354 1668 3413 videretur.
1755 3351 1988 3431 Magna
2027 3352 2126 3412 hic
2155 3360 2219 3410 et
2243 3350 2522 3432 pudenda
2548 3360 2676 3411 tum
2701 3352 2906 3412 incon-

692 3464 800 3514 Cic.
826 3465 889 3512 nd
988 3452 1229 3521 stantia,
1271 3458 1398 3510 tum
1430 3450 1729 3509 temeritas
1755 3446 1970 3529 Lepidi
1997 3448 2132 3507 fuit.
2219 3446 2410 3509 Hunc
2452 3458 2630 3508 antea
2665 3458 2908 3509 senatus

658 3530 863 3644 {ffbffi
880 3534 963 3582 ⁸³·
988 3548 1065 3607 ad
1092 3545 1546 3630 opprimendum
1575 3546 1910 3606 Antonium
1937 3546 1996 3603 in
2026 3543 2272 3604 Italiam
2301 3546 2621 3616 acciverat,
2661 3546 2904 3605 eodem-
2933 3616 2940 3621 ,

760 3630 775 3647 ’
987 3666 1103 3725 que
1130 3654 1393 3725 tempore
1422 3644 1493 3703 L.
1516 3642 1842 3703 Plancum.
1929 3642 2110 3711 Mox,
2135 3641 2278 3721 quia
2305 3638 2567 3712 Silanus,
2595 3641 2673 3701 ad
2700 3642 2903 3703 Anto-

988 3744 1149 3803 nium
1192 3740 1470 3801 adductis
1518 3740 1732 3822 copiis,
1778 3738 2074 3821 Lepidum
2117 3747 2454 3820 suspectum
2497 3740 2771 3819 patribus
2811 3740 2903 3801 fe-

686 3859 796 3909 cic.
828 3860 959 3911 Phil.
983 3848 1171 3910 cerat,
1194 3838 1497 3899 Plancum
1520 3836 1826 3897 Antonius
1845 3834 2063 3896 diserte
2083 3846 2102 3871 ⁶
2124 3837 2474 3917 participem
2489 3837 2902 3897 consiliorum'

652 3941 781 4039 {3¹:5-
808 3930 894 3979 ¹⁹·
984 3936 1352 4017 appellabat,
1396 3936 1682 3995 miserunt
1721 3933 1800 3994 ad
1843 3917 1946 3995 eos
1986 3933 2212 4004 literas,
2257 3933 2496 3993 illorum
2519 3953 2706 4015 opera
2743 3954 2898 3995 rem-

758 4024 773 4041 ’
983 4034 1283 4115 publicam
1310 4034 1372 4093 in
1398 4032 1715 4113 praesentia
1737 4051 1854 4091 non
1878 4030 2164 4110 indigere.

1062 4140 1163 4192 46.
1209 4131 1303 4191 Ut
1328 4142 1527 4191 tamen
1564 4132 1754 4190 aversi
1799 4130 1978 4189 animi
2025 4129 2256 4189 nullum
2301 4126 2586 4188 indicium
2628 4128 2898 4201 ederent,

982 4250 1103 4309 quo
1148 4228 1225 4289 ad
1270 4226 1625 4287 maleficium
1675 4225 1767 4286 illi
1815 4225 2304 4307 perpellerentur,
2351 4226 2650 4304 negotium
2703 4226 2898 4306 impo-

981 4333 1220 4386 suerunt
1249 4324 1456 4405 oppidi
1498 4324 1818 4393 condendi,
1852 4344 1974 4404 quo
1997 4323 2431 4383 deducerentur
2465 4324 2570 4402 qui
2605 4322 2746 4382 olim
2777 4322 2894 4382 Vi-

980 4444 1135 4485 enna
1176 4422 1331 4504 pulsi
1372 4422 1451 4482 ab
1492 4420 1926 4501 Allobrogibus
1963 4421 2148 4500 (unde
2189 4422 2426 4482 initium
2465 4420 2894 4482 discordiarum

1092 4568 1127 4615 2
1158 4560 1248 4614 Ita
1268 4578 1333 4614 ex
1356 4560 1499 4629 App.
1522 4560 1757 4615 correxit
1775 4562 1929 4613 Crev.
1955 4576 2050 4628 pro
2076 4562 2363 4615 Rhodam
2381 4562 2436 4613 in
2457 4560 2581 4615 edd.
2605 4561 2791 4627 priorr.
