3300 5234
744 560 925 629 ms
1729 576 1804 626 r.
1849 578 2044 627 mvn

610 784 621 795 ,
744 731 881 783 Ριιιι.
900 730 1015 781 eat.
1150 726 1213 782 8.
1258 718 1421 783 Hoc
1450 720 1710 801 judicia,
1733 740 1872 783 cum
1909 718 2109 782 calido
2141 718 2338 781 adbuc
2369 720 2512 781 anni
2547 728 2814 803 tempore
2843 739 2982 800 age-

748 796 1051 913 ιζῖω
1070 828 1293 891 rentur,
1324 818 1417 880 M.
1446 818 1607 881 Cato
1638 822 1770 881 sine
1801 820 2024 881 calceis
2061 828 2126 881 et
2157 820 2362 881 mnica
2395 821 2686 891 exercuit,
2715 838 2983 900 campe·-

746 926 932 977 Auem.
1070 920 1179 979 tri‘
1202 918 1314 979 sub
1338 926 1481 997 toga
1504 926 1798 999 praetexta
1819 919 2069 979 cinctus.
2143 916 2223 979 Id
2247 917 2353 979 alii
2375 926 2658 999 tanquam
2681 917 2982 978 sordidum

746 989 937 1109 ξιξ...
1068 1026 1135 1077 et
1171 1015 1477 1095 indignum
1512 1017 1824 1094 majestate
1847 1017 1956 1096 jus
1987 1015 2240 1077 dicentis
2269 1018 2674 1077 accusabant:
2717 1014 2854 1075 aliis
2891 1034 2986 1074 re-

1072 1114 1325 1195 petitum
1366 1132 1445 1173 ex
1486 1120 1782 1173 vetustate
1827 1112 2170 1195 exemplum
2217 1110 2516 1195 placebat,
2565 1112 2728 1193 quod
2773 1110 2985 1171 eodem

1072 1210 1281 1271 babitu
1328 1211 1387 1269 in
1438 1208 1750 1295 Capitolio
1789 1218 1851 1271 et
1889 1212 2090 1271 rostris
2141 1212 2517 1293 antiquorum
2567 1220 2783 1271 statua:
2832 1211 2988 1269 vise-

1068 1306 1309 1367 bantur.
1388 1305 1515 1367 Sed
1540 1307 1702 1367 Cato
1723 1306 1942 1368 talibus
1964 1316 2028 1368 et
2049 1308 2598 1389 reprehensionibus
2627 1317 2689 1368 et
2713 1304 2992 1367 laudibus

1070 1405 1357 1485 superior,
1392 1412 1623 1465 tantum
1665 1405 1744 1465 de
1783 1405 2092 1490 republica
2129 1404 2260 1465 dies
2297 1414 2620 1486 noctesque
2659 1404 2990 1483 cogitabat.

746 1518 883 1570 mut.
1074 1502 1388 1573 Ambitus,
1430 1510 1495 1563 et
1538 1502 1996 1565 nundinationes
2041 1504 2486 1584 magistratuum
2531 1502 2612 1563 ad
2655 1498 2992 1563 extremum

749 1584 961 1699 ιξξωξ·
980 1600 1019 1635 ¹·
1072 1597 1457 1680 impudentia:
1494 1611 1936 1681 processerant:
1975 1620 2136 1673 cum,
2173 1601 2378 1683 positis
2417 1602 2480 1660 in
2515 1598 2716 1661 medio
2753 1600 2987 1671 mensis,

782 1682 977 1768 piem,
1072 1695 1272 1777 palam
1308 1696 1650 1775 largitiones
1688 1696 1920 1770 fierent,
1959 1707 2022 1758 et
2061 1718 2100 1759 a
2135 1698 2494 1759 mercenaria
2527 1696 2844 1780 plebecula
2881 1696 2990 1755 ho-

744 1776 911 1896 ξζῗ
1072 1812 1245 1853 nores
1282 1802 1633 1853 emerentur.
1719 1793 1914 1873 Igitur
1953 1805 2192 1857 auctore
2234 1796 2469 1856 Catone
2513 1794 2990 1856 senatusconsul-

1070 1899 1197 1950 tum
1231 1890 1479 1962 factum,
1508 1900 1527 1927 ‘
1560 1900 1627 1952 ut
1664 1891 1956 1971 designati
1997 1894 2398 1973 magistratus,
2425 1894 2641 1974 quibus
2682 1900 2994 1953 accusator

1071 1985 1271 2047 nullus
1302 1996 1478 2059 eset,
1502 1989 1664 2049 ultro
1687 2010 1752 2049 se
1777 1988 2056 2050 offerrent
2069 1990 2288 2069 juratis
2311 1990 2646 2070 judicibus,
2671 1990 2994 2050 rationem·

1070 2102 1191 2163 que
1214 2082 1416 2165 adepti
1440 2084 1678 2145 honoris
1701 2084 2055 2147 redderent?

1152 2188 1215 2241 9.
1260 2180 1523 2260 Magnus
1546 2182 1686 2243 inde
1711 2184 1888 2243 timor
1909 2182 2396 2245 candidatorum:
2439 2181 2610 2243 dolor
2633 2174 2998 2243 incredibilia

1073 2277 1321 2337 forensis
1346 2280 1561 2349 turboe,
1588 2298 1728 2360 quae
1753 2280 1916 2341 vitiis
1939 2280 2282 2362 reipublicae
2303 2280 2468 2361 pasci
2493 2278 2696 2351 solita,
2717 2280 2770 2339 si
2798 2300 2892 2339 res
2913 2278 3000 2338 ad

1072 2472 1237 2531 circo
1256 2472 1539 2553 postridie
1559 2472 1947 2553 prodeuntem
1967 2473 2046 2533 ad
2063 2474 2324 2535 tribunal
2346 2474 2642 2534 Catonem
2663 2474 3004 2554 promiscua

1075 2566 1393 2628 multitudo
1436 2570 1747 2641 conviciis,
1785 2590 1928 2631 mox
1973 2570 2158 2630 etiam
2203 2569 2503 2655 lapidibus
2541 2570 2872 2652 appetivit:
2929 2579 3002 2629 ut

1073 2662 1525 2745 diffugientibus
1554 2668 1658 2747 qui
1697 2687 1836 2729 eum
1869 2666 2269 2753 deducebant,
2303 2669 2682 2729 vehementer
2715 2678 3005 2727 contusus

1076 2768 1257 2841 atque
1282 2766 1551 2842 jactatus
1588 2766 1696 2825 vix
1739 2766 1802 2825 in
1845 2775 2033 2826 rostra
2061 2774 2416 2848 penetraret.
2501 2764 2658 2826 Inde
2681 2784 3006 2825 conversus

1074 2858 1151 2920 ad
1186 2860 1443 2933 turbam,
1470 2863 1806 2923 constantia
1839 2862 2038 2924 vultus
2073 2864 2238 2925 illico
2273 2863 2622 2923 seditionem
2645 2863 3003 2924 clamorem-

1074 2976 1191 3036 que
1230 2960 1613 3039 compressit:
1657 2979 1827 3030 mox,
1863 2970 2006 3041 apta
2039 2960 2291 3041 tempori
2323 2960 2586 3020 oratione
2611 2960 2699 3019 sic
2722 2958 3006 3023 disseruit

1074 3051 1151 3112 de
1196 3056 1605 3134 presentibus,
1640 3066 1710 3116 ut
1753 3055 2044 3117 tumultus
2079 3057 2270 3117 omnis
2309 3056 2494 3116 semel
2531 3055 3002 3136 conquiesceret.

782 3160 891 3213 cie.
914 3161 979 3211 nd
1078 3147 1226 3229 Legi
1254 3158 1473 3222 tamen,
1496 3172 1633 3213 cum
1659 3174 1700 3213 a
1721 3153 2066 3213 consulibus
2089 3172 2168 3213 ex
2193 3153 2700 3213 senatusconsulto
2723 3152 3003 3222 ferretur,

748 3224 860 3278 Att.
880 3242 956 3276 ”⁰
972 3231 1053 3279 ¹⁶·
1078 3266 1153 3307 ne
1178 3248 1323 3328 ipsis
1346 3247 1583 3327 quidem
1612 3248 1971 3321 nolentibus,
2001 3252 2382 3310 intercessum
2409 3258 2519 3312 est.

782 3354 888 3406 cie.
906 3356 969 3405 nd
1162 3350 1260 3403 10.
1302 3344 1445 3406 Nec
1470 3346 1605 3407 ideo
1632 3348 1826 3407 minus
1851 3348 2140 3407 tribunitii
2169 3348 2501 3418 candidati,
2529 3345 2813 3427 depositis
2835 3345 3007 3427 apud

748 3418 1051 3546 xasaw·
1080 3439 1175 3499 Μ.
1206 3440 1497 3501 Catonem
1526 3444 1836 3522 quingenis
1859 3444 2190 3515 sestertiiS,‘¹
2215 3444 2738 3525 compromiserunt
2763 3454 2780 3479 ⁶
2804 3452 3008 3523 petere

749 3548 1054 3603 Intrat-15.
1078 3538 1479 3617 magistratum
1516 3541 1822 3618 legitime:
1865 3542 1972 3621 qui
2005 3550 2216 3601 contra
2253 3541 2513 3613 fecisset,
2549 3541 2836 3602 arbitratu
2877 3538 3005 3599 Ca-

1074 3636 1230 3695 tonis
1274 3636 1788 3709 condemnaretur,
1835 3638 2282 3719 depositamque
2325 3638 2640 3719 pecuniam
2681 3637 3008 3718 perderet!

748 3749 881 3800 pm,
1078 3730 1287 3792 Unum
1326 3752 1407 3793 ex
1444 3754 1519 3794 eo
1554 3754 1798 3795 numero
1835 3756 1972 3795 cum
2008 3736 2170 3796 Cato
2203 3736 2564 3807 damnasset,
2589 3736 3004 3817 competitori-

1074 3828 1302 3911 bnsque
1352 3832 1670 3912 pecuniam
1706 3834 1982 3912 jussisset
2025 3832 2277 3906 solvere,
2325 3834 2436 3906 ini,
2465 3834 2702 3914 judicio
2745 3832 3004 3892 Catonis

1072 3928 1359 4001 contenti,
1382 3930 1698 4009 pecuniam
1721 3929 2006 3991 damnato
2031 3933 2420 3992 remiserunt.·
2481 3929 2580 3991 Ea
2605 3952 2699 3991 res
2729 3940 2797 3989 ut
2831 3928 3001 3989 illus-

784 4044 892 4098 cie.
923 4048 987 4097 ,ἃ
1074 4030 1225 4083 trem
1267 4025 1489 4086 Catoni
1528 4027 1800 4107 gloriam,
1835 4028 1922 4088 ita
1961 4028 2400 4089 acerbissimam
2441 4028 2728 4089 invidiam
2769 4026 3001 4097 attulit,

748 4112 1009 4236 &²⁸13ae
1076 4119 1239 4201 quod
1268 4142 1421 4183 unus
1456 4124 1591 4206 plus
1626 4125 1900 4185 omnibus
1927 4134 1992 4187 et
2015 4125 2249 4206 legibus
2275 4135 2338 4187 et
2349 4126 2599 4207 judiciis
2621 4126 2878 4187 valuisse
2903 4126 3002 4185 vi-

1076 4366 1109 4417 s
1142 4312 1174 4381 ο.
1202 4306 1739 4386 Camputnffinnteo,
1775 4322 1877 4375 qno
1917 4309 1996 4385 in·
2065 4308 2408 4411 ex‘ercebant.
2429 4311 2589 4389 ‘cv-ev.
2668 4373 2702 4387 ..
2795 4372 2856 4423 u
2953 4373 2968 4387 ο

1076 4382 1237 4487 0⁸:¹23?
1238 4386 1288 4486 '31
1312 4386 1411 4505 {33
1414 4374 1998 4505 “12''‹3433220'3223
2067 4372 2999 4507 „emitamz‘itfflcmr‘ffl
