3300 5234
752 519 940 640 5356.
1718 591 1788 642 τ.
1832 589 2031 641 mvn

760 740 890 792 Plut.
920 741 1061 795 Brut.
1083 749 1198 813 que
1224 731 1548 794 solicitanti
1577 733 1890 814 quosdam,
1930 743 2279 805 annuerunt,
2320 733 2369 792 si
2410 733 2535 793 dux
2576 731 2725 794 facti
2765 731 2991 792 Brutus

1083 851 1210 890 esse
1237 831 1567 890 sustineret.
1654 829 1763 891 Ab
1788 831 1964 910 hujus
1988 830 2145 890 enim
2182 829 2513 908 integ-ritate
2554 830 2849 910 putabant
2886 849 2991 888 ac·

993 921 1001 932 ’
1083 947 1382 987 cessurum
1407 926 1564 985 ausis
1587 927 1709 986 suis
1736 927 2207 986 honestissimum
2233 925 2515 997 colorem,
2546 933 2615 984 ut
2638 945 2755 996 res,
2796 925 2993 984 Bruto

1085 1022 1360 1105 probata,
1385 1042 1502 1082 non
1531 1022 1642 1081 nisi
1664 1042 1849 1083 causa
1868 1022 2163 1082 libertatis
2186 1031 2461 1102 suscepta
2484 1021 2805 1081 videretur.

785 1141 916 1190 Plut.
933 1137 1061 1190 em,
1165 1127 1265 1180 40.
1310 1119 1584 1180 Sororem
1613 1117 1789 1179 Bruti
1819 1118 2063 1179 Cassius
2085 1118 2378 1187 duxerat:
2420 1117 2529 1178 sed
2556 1126 2687 1178 erat
2708 1117 2863 1177 inter
2886 1137 2993 1176 eos

760 1215 813 1254 θ*
835 1205 978 1281 ΒΨ·
1085 1235 1271 1297 nuper
1297 1225 1428 1277 orta
1453 1215 1759 1284 dissensio.
1789 1214 1951 1295 quod
1990 1214 2275 1276 minorem
2315 1222 2459 1274 natu
2504 1213 2759 1274 Brutum
2786 1212 2995 1274 Caesar

757 1271 1063 1384 ssgflffi'w,
1087 1315 1372 1373 urbanum
1400 1322 1711 1393 praetorem
1737 1312 1981 1383 fecerat,
2008 1299 2321 1392 eidemque
2356 1310 2729 1371 consulatum
2771 1311 2995 1391 promi-

775 1399 908 1449 Phst‘
924 1399 1061 1476 Bfut.
1085 1420 1264 1481 serat,
1291 1409 1482 1470 dilato
1510 1409 1745 1481 Cassio,
1792 1411 1965 1489 cnjus
2004 1417 2203 1469 tamen
2236 1427 2475 1469 causam
2518 1428 2643 1467 esse
2674 1409 2991 1487 justiorem

760 1473 814 1512 et
844 1465 1058 1529 Appnnn.
1085 1507 1402 1568 fatebatur.
1485 1507 1657 1568 Tunc
1696 1507 1872 1586 igitur
1913 1505 2073 1587 prior
2116 1505 2195 1566 ad
2238 1505 2497 1566 Brutum
2524 1504 2767 1564 Cassius
2802 1506 2991 1574 venit,

1085 1614 1580 1687 percontatusque
1605 1613 1721 1677 est,
1766 1615 1783 1642 ⁶
1802 1613 2031 1665 essetne
2074 1603 2455 1664 interfuturus
2492 1604 2728 1663 senatui
2758 1602 2991 1663 Kalen-

1086 1704 1179 1765 dis
1219 1703 1499 1763 Martiis?
1581 1702 1752 1763 Nam
1798 1702 2001 1763 audire
2042 1723 2105 1762 se
2144 1701 2401 1763 Caesaris
2445 1702 2668 1762 amicos
2706 1703 2993 1763 relaturos

1071 1821 1210 1880 ‚esse
1233 1798 1310 1860 de
1337 1819 1516 1878 regno
1551 1801 1726 1879 ejus?
1808 1799 1929 1859 Ille
1971 1819 2187 1878 negare
2224 1799 2559 1859 affuturum.
2638 1797 2798 1858 Tum
2836 1799 2989 1858 Cas-

1085 1899 1225 1967 sius,
1249 1905 1266 1932 ‘
1293 1897 1459 1963 Quid
1485 1898 1536 1956 si
1559 1917 1840 1975 cogamur
1866 1897 2067 1956 adesse
2084 1897 2129 1955 ‘3’
2199 1906 2216 1933 ‘
2243 1895 2446 1957 Multa
2470 1897 2723 1976 querar,’
2748 1899 2835 1957 ait
2861 1898 2987 1971 ille,

1087 2003 1104 2030 ⁸
1129 1993 1203 2053 de
1233 1993 1577 2074 republica:
1601 2001 1663 2054 et
1686 2003 1969 2074 oppetam
1994 2014 2101 2076 pro
2128 1992 2443 2054 libertate?
2484 2003 2501 2028 ⁶
2520 1992 2690 2054 Istud
2712 2013 2851 2054 vero
2878 2015 2987 2056 nec

1087 2089 1196 2150 Dii
1234 2109 1341 2150 nec
1383 2090 1647 2150 homines
1686 2090 1853 2150 sirint
1874 2091 1915 2149 l’
1953 2091 2259 2152 exclamat
2302 2089 2565 2150 Cassius.
2647 2099 2667 2128 ⁸
2690 2091 2857 2158 Quin
2888 2092 2991 2153 ille

1083 2165 1292 2268 pereat
1317 2187 1514 2266 potius
1537 2191 1642 2266 qui
1663 2186 1895 2246 meruit.
1978 2185 2121 2248 Nec
2144 2188 2301 2246 enim
2336 2185 2497 2248 solus
2520 2186 2807 2266 oinciere
2832 2189 2988 2268 peri-

1083 2281 1240 2343 culo.
1306 2283 1546 2362 Ecquid
1575 2303 1681 2343 eos
1706 2292 1899 2363 putas,
1926 2283 2031 2363 qui
2056 2303 2203 2344 voce
2230 2303 2343 2343 non
2372 2285 2499 2344 ausi
2520 2292 2581 2344 te
2604 2283 2987 2365 compellare,

1083 2378 1346 2439 tribunal
1373 2387 1538 2439 tuum
1563 2378 1831 2439 fecerunt
1858 2381 2233 2460 interpretem
2256 2399 2379 2439 suae
2405 2379 2775 2440 voluntatis?
2838 2381 2989 2442 Non

1059 2475 1329 2536 sorensis
1355 2496 1429 2536 ea
1453 2476 1630 2537 turba
1654 2485 1745 2538 est
1770 2475 2058 2557 profecto,
2106 2485 2211 2537 aut
2256 2475 2545 2539 sellularii
2586 2477 2871 2558 opifices:
2914 2478 2987 2538 il·

1084 2572 1296 2633 lustres
1320 2573 1434 2632 viri
1459 2581 1616 2643 sunt,
1643 2582 1706 2632 et
1730 2573 2029 2654 principes
2062 2573 2361 2633 civitatis!

636 2671 651 2684 ‘
758 2663 890 2715 Plnt.
917 2665 1056 2717 Bmt.
1166 2676 1268 2729 41.
1311 2668 1420 2730 Ab
1445 2670 1560 2729 hoc
1595 2669 1902 2750 colloquio
1950 2668 2194 2741 Brutus,
2212 2671 2347 2750 jam
2386 2669 2617 2730 consilii
2658 2679 2872 2742 certus,
2902 2671 2986 2738 Q.

756 2763 1061 2829 eiaproLig.
1087 2763 1390 2844 Ligarium
1430 2767 1626 2827 invisit
1669 2765 2025 2826 familiarem
2062 2786 2265 2836 suum3
2309 2767 2437 2846 qui,
2474 2777 2785 2828 aecusatus
2824 2768 2986 2850 apud

759 2861 892 2913 Plut.
1086 2861 1409 2936 Caesarem,
1435 2872 1500 2923 et
1531 2863 1861 2945 patrocinio
1890 2862 2192 2924 Ciceronis
2216 2863 2547 2935 absolutus,
2570 2866 2855 2926 acriorem
2880 2887 2987 2947 pe-

1080 2959 1254 3020 riculi
1279 2981 1460 3042 quam
1507 2959 1785 3021 beneficii
1824 2981 2055 3020 sensum
2098 2961 2413 3022 retinebat.
2501 2961 2717 3041 Igitur,
2747 2962 2985 3022 dicente

1085 3055 1300 3128 Bruto,
1329 3067 1348 3095 ⁸
1373 3046 1568 3124 Quali
1604 3067 1871 3138 tempore
1921 3066 2195 3136 oegrotas,
2244 3057 2513 3125 Quinte!
2538 3060 2556 3088 '
2596 3059 2881 3120 continuo
2922 3079 2987 3118 se

1080 3155 1274 3214 erexit
1299 3154 1358 3213 in
1385 3155 1676 3224 cubitum,
1702 3161 1787 3226 et,
1816 3162 2051 3234 arrepta
2080 3153 2255 3214 Bruti
2282 3174 2483 3226 manu,
2513 3163 2533 3192 ⁸
2558 3153 2627 3214 Si
2652 3155 2845 3235 quid,’
2892 3157 2983 3214 in-

1080 3250 1231 3328 quit,
1275 3259 1292 3286 ‘
1316 3249 1560 3329 dignum
1607 3259 1670 3311 te
1712 3252 1961 3329 cogitas,
1987 3248 2204 3311 valeo?
2288 3251 2441 3313 Inde
2484 3252 2562 3313 ad
2600 3245 2987 3314 solicitandos

1079 3346 1306 3410 amicos
1327 3349 1616 3417 conversi,
1643 3347 1866 3407 multos
1890 3357 2301 3429 pertraxerunt
2324 3350 2383 3408 in
2410 3351 2776 3421 societatem,
2804 3370 2985 3430 quos-

753 3455 972 3522 Αρρὶω.
1079 3440 1220 3500 dam
1246 3442 1426 3502 etiam
1453 3463 1531 3503 ex
1560 3442 1821 3503 Julianis
1858 3446 2145 3524 partibus.
2230 3443 2472 3505 Horum
2514 3447 2811 3527 principes
2850 3446 2985 3507 fue-

787 3553 988 3604 Sue-ton.
1077 3546 1214 3597 runt
1241 3537 1324 3598 D.
1356 3538 1605 3610 Brutus,
1634 3539 1711 3599 C.
1738 3539 2109 3600 Trebonius:
2134 3542 2319 3601 ceteri
2344 3542 2661 3602 nobiliores
2686 3541 2817 3603 Ser.
2842 3541 2984 3607 Sul-

753 3618 974 3750 {2¹53ss
989 3623 1038 3669 ⁸·
1078 3634 1270 3714 picius
1295 3634 1524 3707 Galba,
1563 3636 1749 3696 Caius
1795 3644 1857 3696 et
1896 3635 2159 3697 Publius
2188 3637 2433 3698 Servilii
2477 3639 2711 3711 Cascae‚
2747 3639 2985 3700 Tullios

785 3749 898 3798 sm,
926 3748 987 3796 de
1080 3730 1347 3804 Cimber,
1372 3733 1678 3792 Minucius
1708 3731 1985 3792 Basilus:
2030 3733 2299 3814 plerique
2325 3754 2529 3795 omnes
2554 3735 2723 3795 nulla
2758 3736 2885 3797 alia
2906 3737 2985 3796 de

753 3811 851 3871 1¹⁸·
874 3819 1056 3864 ¹¹¹·⁸⁰·
1078 3848 1282 3899 causa,
1310 3849 1490 3909 quam
1530 3828 1695 3909 quod
1735 3828 2075 3890 satisfacere
2122 3829 2331 3891 caesar
2366 3831 2679 3914 cupiditati
2720 3834 2983 3894 omnium

1080 3925 1385 4004 nequibat,
1411 3945 1548 3986 cum
1590 3925 1805 4004 singuli
1846 3925 2029 3986 ferme
2073 3936 2301 3988 tantum
2340 3937 2668 4008 poscerent,
2696 3940 2979 4008 quantum

783 4025 1003 4090 Appzan.
1077 4023 1184 4080 vix
1208 4021 1352 4082 dare
1379 4031 1614 4101 poterat
1649 4023 1953 4082 universis.
2040 4023 2139 4082 Ex
2184 4023 2587 4104 Pompeianis,
2626 4035 2837 4107 praeter
2870 4027 2978 4086 du-

752 4104 813 4204 }J,
827 4093 1037 4206 (3¹3ss-
1077 4137 1178 4177 ces
1217 4118 1450 4178 consilii
1517 4120 1775 4179 Brutum
1828 4127 2007 4199 atque
2049 4119 2346 4192 Cassium,
2396 4121 2467 4182 L.
2522 4123 2787 4193 Cassium
2841 4123 2980 4184 Caii

753 4221 881 4273 Caes.
907 4227 988 4272 80.
1082 4215 1310 4286 Frater,
1351 4214 1466 4276 Cn.
1499 4215 1801 4277 Domitius
1828 4215 2321 4289 Ahenobarbus,⁶
2363 4219 2444 4278 P.
2475 4218 2799 4292 Turullius,
2836 4221 2975 4280 Ati-

1139 4437 1164 4471 =¹
1206 4439 1300 4487 Cn.
1323 4440 1570 4489 Domitius
1591 4441 1952 4504 Ahenobarbus]
1980 4441 2137 4494 Hunc
2158 4444 2297 4494 iuter
2328 4443 2625 4508 conjuratos
2648 4441 2808 4494 fuisse
2824 4449 2973 4507 negat

1079 4505 1376 4570 Suetonius,
1399 4507 1633 4570 Nerone,
1658 4521 1705 4560 c.
1728 4513 1775 4557 3.
1812 4509 1951 4558 Creo.
