3300 5234
821 551 998 624 5374
1778 565 1850 616 r.
1896 555 2093 616 mvn

1148 730 1290 775 vero
1313 709 1659 782 illiberales,
1686 709 1791 790 qui
1814 709 2066 771 honores
2088 702 2381 787 ejusmodi
2406 701 2699 778 dedimus,
2718 713 2791 766 ut
2814 703 3050 777 volunt3

1147 808 1392 888 indigno
1433 827 1544 870 nec
1576 806 1828 889 petenti.
1912 804 2279 884 Quanquam
2314 823 2444 874 vos,
2484 823 2523 864 o
2568 801 2677 864 fidi
2715 803 2903 875 cives,
2948 802 3053 863 bic

1147 925 1326 986 quem
1361 905 1546 966 etiam
1585 910 1817 964 mortuo
1850 901 2105 973 habetis,
2140 899 2347 972 bonor,
2372 900 2452 960 ab
2492 899 2607 961 hoc
2630 899 2877 960 crimine
2902 899 3055 960 satis

1147 1001 1403 1062 liberat?
1482 998 1787 1061 Praelecto
1808 995 2025 1058 deinde
2039 995 2453 1075 jurejurando,
2476 1015 2599 1076 quo
2636 1015 2699 1056 se
2722 1016 2831 1077 pro
2854 995 3053 1056 salute

1143 1099 1280 1178 ejus
1311 1099 1711 1158 astrinxerant
1748 1113 1974 1166 omnes,
2012 1091 2535 1174 execrabilemque
2558 1113 2685 1154 eme
2719 1095 3050 1171 juserant,

1146 1196 1251 1276 qui
1287 1215 1404 1255 non
1434 1194 1798 1258 vindicasset
1820 1192 2075 1272 petitum
2100 1189 2365 1259 insidiis;
2408 1191 2851 1252 contentissima.
2870 1208 3049 1260 voce,

1143 1311 1440 1373 manuque
1463 1290 1544 1352 ad
1569 1287 1941 1371 Capitolium
1974 1287 2236 1360 sublata,
2278 1295 2298 1324 ‘
2322 1286 2365 1347 J
2368 1287 2583 1359 uravi,’
2626 1287 2843 1367 inquit,
2892 1295 2912 1323 ‘
2934 1285 2977 1346 J
2980 1307 3049 1346 u·

1141 1390 1300 1470 piter
1327 1388 1555 1469 Diique
1579 1387 1783 1459 ceteri,
1810 1395 1873 1446 et
1898 1393 2137 1467 paratus
2158 1403 2319 1444 eram
2343 1381 2569 1445 ulcisci.
2642 1383 2779 1456 ‘Sed
2802 1381 3049 1466 quando

1143 1486 1276 1547 haec
1303 1486 1502 1568 potius
1522 1482 1764 1545 decerni
1786 1501 1821 1542 e
1846 1481 2153 1564 republica
2176 1481 2369 1542 visum
2386 1489 2481 1540 est
2502 1481 2793 1564 patribus,
2832 1499 3046 1562 preeor

1145 1590 1214 1642 ut
1251 1583 1375 1642 sint
1411 1581 1626 1643 utilia?

1225 1686 1364 1740 105.
1405 1675 1929 1738 Tumultuantibus
1970 1674 2051 1736 ad
2102 1674 2231 1736 boec
2276 1674 2460 1736 verba
2500 1673 2893 1745 senatoribus,
2934 1687 3047 1737 nec

1137 1775 1296 1836 enim
1315 1776 1562 1836 obscure
1587 1775 1965 1856 petebantur,
1987 1773 2065 1833 ad
2090 1771 2431 1833 leniendam
2448 1771 2737 1832 offensam
2750 1773 3045 1852 subjecit:

1141 1881 1160 1908 ‘
1185 1870 1310 1933 Sed
1343 1879 1594 1953 oportet,
1623 1871 1915 1942 Quirites,
1940 1870 2303 1944 existimare,
2351 1868 2617 1930 Deorum
2654 1868 2811 1930 hanc
2844 1871 3047 1950 potius

1135 1967 1446 2043 invidiam,
1493 1987 1673 2050 quam
1712 1967 2053 2029 mortalium
2096 1965 2322 2030 factum
2360 1965 2578 2037 fixissez
2620 1967 2933 2047 mag-isque
2968 1967 3046 2028 de

1135 2067 1524 2146 praesentibus
1551 2085 1733 2146 quam
1756 2065 2071 2147 praeteritis
2104 2083 2231 2125 esse
2264 2063 2547 2124 solicitos.
2631 2062 2866 2142 Magna
2886 2065 3045 2124 enim

1135 2181 1246 2222 nos
1269 2162 1535 2243 pericula
1551 2162 1958 2232 circumstant,
1980 2170 2063 2232 et,
2088 2161 2141 2220 si
2165 2160 2379 2220 iterum
2406 2159 2487 2221 ad
2504 2177 2672 2220 uma
2693 2160 2833 2231 itur,
2854 2161 3046 2220 omnis

1137 2258 1366 2338 reliqua
1391 2257 1675 2319 nobilitas
1698 2258 1896 2338 periit.
1982 2255 2168 2325 Quod
2194 2257 2373 2336 igitur
2396 2265 2689 2337 superest,
2714 2255 2875 2318 bunc
2916 2256 3041 2317 De-

1134 2374 1306 2414 orum
1365 2373 1608 2440 numero
1654 2354 1973 2434 ascriptum
2014 2351 2313 2414 destinata
2374 2372 2597 2436 pompa
2652 2351 3042 2428 deducamus,

1137 2449 1347 2512 laudes
1371 2451 1783 2532 lacrymasque
1811 2449 2045 2511 debitas
2079 2448 2514 2530 persolvendo)

1217 2553 1358 2608 106.
1403 2545 1849 2620 Haeclocutus,
1888 2554 2049 2608 veste
2090 2547 2309 2628 raptim
2342 2565 2507 2606 more
2550 2544 2797 2608 fanatici
2838 2549 3041 2628 cujus·

1131 2642 1272 2705 dam
1297 2644 1614 2717 subducta,
1637 2644 1903 2706 accinxit
1928 2663 2078 2715 sese,
2108 2643 2453 2725 lectumque
2476 2642 2727 2704 subinde
2766 2646 3043 2725 aperiens

1131 2749 1194 2802 et
1226 2741 1640 2823 introspiciens
1673 2741 1865 2801 multa
1902 2741 2279 2822 querebatur.
2362 2740 2681 2802 Postremo
2722 2742 3043 2820 sanguino-

1130 2837 1356 2902 lentam
1383 2837 1640 2900 Caesaris
1662 2847 1888 2898 vestem
1926 2845 2107 2898 conto
2136 2836 2435 2898 sublatam
2474 2835 2807 2918 explicans,
2842 2837 3041 2918 indig-

842 2966 977 3016 Plut.
993 2967 1096 3018 An·
1131 2954 1390 3015 namque
1414 2935 1526 2996 viri
1551 2953 1757 2995 necem
1782 2934 2110 3006 miseratus,
2136 2934 2423 3015 populum
2447 2933 2637 2995 veluti
2658 2934 2859 2994 furore
2892 2954 3042 3015 quo-

807 3033 1106 3086 ton.etht.
1131 3030 1272 3092 dam
1315 3029 1725 3092 inflammavit.
1824 3029 2225 3091 Accesserant
2270 3029 2487 3090 deinde
2532 3030 2681 3091 inter
2732 3029 2913 3092 ludos
2958 3051 3041 3092 ex

807 3096 1036 3228 ἓξὲξ·
1059 3107 1111 3150 ‘³‘
1134 3128 1326 3208 poetis
1349 3127 1821 3189 accommodata:
1860 3125 1940 3188 ad
1980 3127 2139 3188 hunc
2178 3145 2383 3188 casum
2414 3147 2628 3197 vocesz
2672 3125 3041 3210 mirificeque

1131 3224 1452 3285 commovit
1485 3223 1713 3285 animos
1756 3221 1909 3284 illud
1948 3243 1987 3283 a
2023 3222 2335 3284 Pacuvio:
2378 3231 2397 3261 ‘
2425 3221 2595 3286 Men’
2632 3237 2928 3296 servasse,
2975 3234 3043 3287 ut

1131 3329 1328 3382 essent
1364 3321 1470 3401 qui
1499 3340 1594 3382 me
1635 3319 1951 3403 perderent
1971 3320 2012 3380 l'
2051 3319 2217 3402 quod
2256 3320 2701 3382 interfectorum
2740 3319 3039 3402 plerique,

1131 3435 1268 3477 cum
1311 3415 1560 3478 fuissent
1603 3418 1663 3477 in
1708 3416 2101 3498 Pompeianis
2124 3416 2415 3498 partibus,
2456 3417 2712 3480 cesaris
2744 3417 3042 3480 beneficio

1132 3533 1250 3574 non
1271 3513 1456 3574 vitam
1497 3511 1677 3575 modo
1719 3513 2101 3595 fortunasque
2138 3533 2297 3586 suas,
2321 3513 2427 3576 sed
2462 3515 2643 3576 etiam
2682 3513 3039 3595 dignitatern

1127 3611 1508 3672 retinuerant.

1208 3713 1351 3770 107.
1395 3705 1502 3768 Sic
1527 3705 1776 3768 affectos
1801 3724 1959 3766 nova
1992 3705 2173 3768 etiam
2192 3705 2421 3787 species
2446 3705 2689 3787 adjecta
2712 3709 3039 3775 insaniores

1127 3803 1292 3866 fecit.
1380 3805 1613 3885 Corpus
1637 3803 1829 3884 ipsum
1853 3803 1915 3862 in
1942 3802 2101 3864 lecto
2113 3804 2329 3882 jacens
2352 3805 2616 3885 conspici
2636 3825 2755 3867 non
2782 3817 3035 3889 poterat.

1127 3900 1254 3962 Sed
1301 3900 1684 3963 simulacrum
1730 3921 1809 3960 ex
1854 3920 1995 3962 cera
2050 3899 2373 3963 confictum
2436 3901 2565 3983 pari
2626 3905 3035 3982 magnitudine

1127 4000 1406 4060 machina
1439 3997 1702 4080 quadam
1748 3996 1963 4060 extolli
1987 4017 2066 4056 ex
2100 3997 2313 4059 eodem
2352 3997 2511 4060 lecto
2532 4009 2791 4081 poterat,
2820 4003 2939 4064 tria
2972 4011 3035 4064 et

1126 4095 1338 4175 viginti
1364 4095 1614 4157 vulnera
1637 4103 2084 4175 representans,
2110 4093 2321 4156 iisdem
2364 4095 2517 4157 locis
2553 4097 2785 4178 quibus,
2798 4117 3033 4180 percus·

1127 4211 1258 4254 sum
1293 4213 1508 4274 corpus
1535 4191 1751 4254 fuerat.

805 2786 1000 2902 -lQuint,
1021 2804 1098 2838 vr.

1202 4298 1352 4362 108.
1396 4289 1498 4350 Ibi
1531 4309 1674 4351 vero
1714 4309 1887 4350 nemo
1920 4309 1983 4382 sp
2022 4290 2317 4353 continuit
2344 4291 2622 4374 amplius.
2706 4290 2869 4354 Pars
2892 4313 3027 4354 eum

801 4375 1036 4491 13332J‘0n·
1051 4379 1105 4426 et
1126 4389 1188 4453 in
1228 4387 1560 4471 Capitolini
1595 4386 1771 4449 Jovis
1810 4385 1968 4450 cella
2002 4407 2271 4456 cremare
2299 4388 2678 4460 destinabatz
2722 4389 2829 4452 alii
2868 4390 3027 4454 faces

799 4503 1018 4570 Arpin-
