3300 5234
900 594 1109 644 mna!
1159 593 1371 645 cxvl.
1415 592 1978 646 suvrhnussnvu
1993 594 2068 643 Μ.

354 736 601 815 jurandi
642 736 923 817 religione
960 738 1301 798 retinentur.
1384 734 1551 805 Quid
1587 737 1748 797 enim
1773 738 1890 799 ista
1909 738 2112 799 cautio
2139 735 2278 798 (3ae-

364 834 483 893 sari
520 833 743 915 profuit
758 834 811 895 ‘l'
896 833 1135 894 Deinde
1170 853 1373 893 versus
1406 832 1487 894 ad
1520 834 1758 895 turbam
1791 834 2116 896 vindictam
2145 855 2280 916 pos·-

365 930 705 1003 tulantium‚
734 940 752 969 ⁴
778 928 915 993 Vos
938 930 1222 1012 quidem,'
1250 932 1467 1011 inquit,
1496 939 1515 969 ‘
1540 932 1814 1012 perstatis
1843 933 1904 991 in
1927 932 2074 993 data
2097 930 2282 993 semel

364 1026 509 1087 fide.
584 1026 797 1108 Atque
834 1046 949 1107 ego
982 1028 1162 1087 etiam
1200 1029 1325 1109 ipse
1350 1027 1696 1089 accederem
1721 1028 1912 1100 vobis,
1939 1030 2050 1089 nisi
2073 1027 2282 1090 consul

365 1144 577 1195 essem,
618 1126 719 1185 cui
755 1144 871 1185 non
899 1132 1025 1185 tam
1050 1124 1487 1205 respiciendum
1518 1133 1629 1196 est,
1657 1124 1804 1205 quid
1828 1145 1935 1185 sua
1959 1134 2172 1186 namra
2205 1126 2284 1185 sit

366 1240 626 1300 aequum,
650 1241 831 1301 quam
872 1220 1019 1301 quid
1060 1241 1185 1282 esse
1222 1221 1497 1283 videatur
1530 1242 1565 1282 e
1594 1222 1922 1303 republica,
1949 1231 2018 1283 ut
2041 1221 2284 1302 quidem

366 1318 601 1377 senatui
629 1316 870 1398 placet!
1825 1394 1834 1402 .

447 1420 549 1477 76.
594 1412 751 1474 Cum
785 1412 1071 1475 fluctuare
1109 1412 1415 1474 Antonius
1451 1412 1772 1485 videretur,
1811 1412 2106 1496 Lepidum
2147 1435 2283 1495 pos-

365 1509 561 1571 tulare
584 1510 882 1584 vindicem
908 1511 1117 1571 concio
1141 1512 1355 1591 coepit:
1388 1511 1683 1591 jussitque
1710 1512 1772 1571 in
1797 1511 1994 1572 forum
2013 1510 2282 1590 degredi,

368 1627 487 1687 quo
530 1627 569 1667 a
608 1607 879 1688 pluribus
918 1607 1084 1669 dicta
1118 1610 1252 1688 ejus
1288 1609 1716 1689 acciperentur.
1801 1606 1870 1667 Is
1909 1608 2108 1687 igitur,
2144 1626 2282 1669 cum

366 1713 557 1779 rostra
592 1704 1049 1776 conscendisset,
1087 1704 1191 1765 diu
1234 1706 1452 1766 tacitus
1495 1703 1698 1766 flevit:
1751 1704 1991 1777 deinde,
2039 1713 2058 1741 ‘
2089 1704 2282 1777 Hoc,’

366 1803 583 1884 inquit,
612 1810 631 1839 ‘
660 1802 796 1867 loco
820 1812 1019 1863 tecum
1044 1802 1467 1863 nudiustertius
1490 1803 1752 1877 constiti,
1782 1801 2008 1863 caesar.
2091 1802 2282 1864 Nunc

366 1898 443 1959 de
478 1908 666 1961 morte
704 1909 811 1961 tua
850 1900 991 1961 hine
1026 1900 1311 1979 querendi
1349 1900 1669 1981 imponitur
1710 1899 2064 1961 necessitas!
2149 1898 2286 1961 Vos

367 2017 535 2069 vero,
587 1998 877 2069 Quirites,
919 1996 1069 2079 quid
1110 1997 1423 2079 postulatis
1438 1998 1492 2058 7’
1591 1997 1694 2058 Ibi
1735 2018 1972 2079 quoque
2017 2000 2283 2059 veterani

371 2092 627 2155 Caesaris
668 2105 687 2131 ⁸
716 2093 1045 2166 ultionem,'
1092 2094 1435 2155 mercenarii
1490 2092 1687 2155 Cassii
1735 2102 1753 2131 ⁴
1787 2095 2031 2176 paeem'
2079 2096 2282 2174 accla-

368 2201 621 2253 marunt.

336 2340 341 2343 .
450 2294 551 2352 7⁷.
592 2286 689 2351 At
730 2287 991 2370 Lepidus
1030 2288 1121 2349 his
1159 2287 1438 2368 quidem:
1488 2297 1505 2324 ‘
1537 2287 1807 2359 Placet,’
1845 2288 2080 2367 inquit:
2127 2297 2145 2326 ⁴
2175 2287 2282 2349 sed

368 2384 565 2465 qualis
592 2387 709 2447 ista
734 2405 857 2467 pax
881 2387 1019 2457 erit,
1054 2393 1119 2445 et
1142 2385 1423 2465 qualibus
1462 2382 1847 2464 religionibus
1877 2386 2052 2446 tuta?
2091 2405 2281 2465 quan-

366 2481 689 2563 doquidem
726 2482 951 2547 caesari
964 2484 1323 2563 juravimus,
1351 2482 1532 2563 idque
1546 2480 1968 2563 jusjurandum
1995 2481 2282 2545 violatum

365 2588 457 2639 est
496 2599 537 2639 a
572 2581 771 2653 nobis,
795 2582 899 2661 qui
940 2581 1235 2661 principes
1259 2600 1385 2641 esse
1410 2589 1738 2641 ceterorum
1763 2582 1868 2660 qui
1885 2580 2164 2659 jurarunt
2186 2579 2280 2640 di-

366 2676 594 2737 cimur?
698 2676 855 2738 Mox
907 2676 1193 2737 ultionem
1244 2676 1672 2755 flagitantibus,
1719 2686 1736 2713 ⁶
1770 2676 2019 2748 Caesar,'
2062 2676 2279 2756 inquit,

368 2781 385 2809 ‘
416 2772 681 2854 profecto
698 2776 752 2809 ¹0
790 2782 1196 2835 sacrosanctus
1233 2784 1413 2854 atque
1453 2772 1810 2834 venerabilis
1841 2773 2014 2834 nobis
2043 2781 2280 2854 ereptus

364 2879 473 2930 est.
558 2870 653 2930 At
686 2878 923 2931 senatus
960 2878 1232 2931 contatur
1266 2878 1451 2940 metu,
1476 2888 1551 2929 ne
1587 2869 2016 2950 rempublicam
2051 2870 2278 2931 laedat?

368 2965 803 3029 Reclamarunt
840 2966 969 3027 ini:
1013 2974 1031 3003 ⁴
1060 2964 1153 3027 Tu
1196 2966 1375 3045 igitur
1412 2964 1571 3026 solus
1614 2967 1985 3046 exsequere.'
2067 2965 2279 3047 Atque

366 3062 506 3123 ille:
564 3072 582 3101 ⁴
613 3062 881 3136 Vellem,
926 3072 991 3125 et
1038 3063 1131 3124 fas
1174 3064 1272 3124 sit.
1376 3061 1500 3123 Sed
1544 3082 1658 3123 nec
1699 3082 1811 3141 ego
1862 3062 2046 3135 solus,
2087 3082 2282 3144 neque

366 3160 537 3219 vobis
576 3161 760 3221 etiam
794 3160 938 3221 solis
978 3156 1345 3239 adjutoribus
1386 3160 1447 3219 in
1490 3167 1660 3219 tanta
1703 3179 1766 3219 re
1811 3160 2132 3240 quicquam
2177 3169 2284 3221 aut

368 3255 527 3317 velle
566 3268 673 3319 aut
716 3256 881 3319 nolle
922 3256 1155 3317 debeo.'
1237 3255 1549 3337 Perplexa
1592 3256 2048 3337 respondentem
2091 3257 2285 3317 acrius

368 3353 629 3432 aggressi
672 3353 1045 3425 mercenarii,
1086 3350 1249 3432 quod
1294 3353 1834 3413 ambitiosissimum
1875 3356 2003 3413 e'sse
2039 3353 2282 3425 scirent,

368 3448 713 3531 pontificem
752 3452 1079 3513 maximum
1115 3449 1377 3512 facturos
1412 3449 1790 3513 ostenderunt
1821 3451 1884 3511 in
1911 3449 2168 3511 Caesaris
2191 3450 2282 3510 lo·

365 3566 525 3609 cum.
612 3548 697 3611 Et
730 3550 965 3629 accepit
999 3567 1173 3609 omen
1211 3546 1495 3627 Lepidus,
1522 3548 1760 3628 egitque
1793 3548 2034 3627 gratias,
2061 3566 2282 3609 memo-

366 3664 578 3725 resque
620 3645 886 3726 promissi
928 3664 1055 3705 esse
1100 3645 1163 3704 in
1205 3644 1340 3707 loco
1363 3646 1567 3725 jussit.
1648 3642 1804 3703 Tum
1843 3644 1964 3705 illis
2001 3644 2285 3707 audacius

368 3762 581 3823 pacem
626 3762 795 3801 suam
840 3742 1217 3821 urgentibus:
1274 3748 1293 3777 ‘
1320 3741 1479 3802 Cum
1522 3741 1870 3822 impietate,’
1915 3741 2131 3821 inquit,
2173 3750 2194 3777 ‘
2222 3750 2287 3801 et

366 3838 667 3917 injustitia
700 3840 1087 3918 conjunctum
1126 3838 1431 3917 negotium
1464 3846 1591 3897 est:
1635 3844 1900 3897 attamen
1935 3856 2070 3917 quae
2087 3838 2284 3916 jusse-
2313 3860 2326 3873 ·

370 3935 497 3997 ritis
521 3935 781 3995 faciam.’
868 3933 1109 4017 Hisque
1136 3933 1313 3995 dietis
1338 3935 1398 3993 in
1422 3942 1696 3995 senatum
1721 3952 1784 3993 se
1810 3933 2054 4014 recepit.

452 4038 555 4094 ¹78.
600 4029 703 4091 Ibi
740 4028 1070 4091 Dolabella
1108 4039 1236 4091 toto
1260 4040 1525 4111 tempore
1550 4031 1864 4109 satagebat
1887 4030 2048 4091 haud
2077 4048 2284 4110 parum

370 4127 673 4201 indecore,
700 4128 791 4188 uti
828 4129 1079 4188 retinere
1122 4128 1525 4207 magistratum
1561 4128 1805 4188 liceret:
1847 4146 2138 4206 regressus
2173 4126 2284 4187 du-

370 4223 515 4285 dum
554 4224 861 4287 Antonius
892 4244 1029 4286 cum
1056 4222 1368 4305 voluptate
1394 4233 1457 4285 et
1480 4224 1597 4285 risu
1622 4224 1937 4305 spectabat
1950 4226 2286 4304 jactantem

858 4436 920 4483 10
956 4432 1291 4497 Neu-profecto
1314 4430 1437 4484 edd.
1460 4435 1587 4483 ante
1606 4430 1766 4482 Crev-
