<?xml version="1.0" encoding="UTF-8"?>
<!DOCTYPE html PUBLIC "-//W3C//DTD XHTML 1.0 Transitional//EN"
    "http://www.w3.org/TR/xhtml1/DTD/xhtml1-transitional.dtd">
<html xmlns="http://www.w3.org/1999/xhtml" xml:lang="en" lang="en">
 <head>
  <title>
</title>
<meta http-equiv="Content-Type" content="text/html;charset=utf-8" />
  <meta name='ocr-system' content='tesseract 3.04.00' />
  <meta name='ocr-capabilities' content='ocr_page ocr_carea ocr_par ocr_line ocrx_word'/>
</head>
<body>
  <div class='ocr_page' id='page_1' title='image "./tliviipatavinih35unkngoog/tliviipatavinih35unkngoog_0231.png"; bbox 0 0 3300 5234; ppageno 0'>
   <div class='ocr_carea' id='block_1_1' title="bbox 812 514 2474 613">
    <p class='ocr_par' dir='ltr' id='par_1_1' title="bbox 812 514 2474 613">
     <span class='ocr_line' id='line_1_1' title="bbox 812 514 2474 613; baseline 0.004 -36"><span class='ocrx_word' id='word_1_1' title='bbox 812 528 1023 580; x_wconf 77' lang='lat' dir='ltr'>mam</span> <span class='ocrx_word' id='word_1_2' title='bbox 1072 528 1204 613; x_wconf 74' lang='lat' dir='ltr'>cx.</span> <span class='ocrx_word' id='word_1_3' title='bbox 1247 528 1902 581; x_wconf 62' lang='lat' dir='ltr'>surranum-un.</span> <span class='ocrx_word' id='word_1_4' title='bbox 2147 548 2154 555; x_wconf 78' lang='grc'><em>·</em></span> <span class='ocrx_word' id='word_1_5' title='bbox 2294 514 2474 583; x_wconf 78' lang='grc'><strong>5173</strong></span> 
     </span>
    </p>
   </div>
   <div class='ocr_carea' id='block_1_2' title="bbox 224 668 2469 4456">
    <p class='ocr_par' dir='ltr' id='par_1_2' title="bbox 224 668 2469 2106">
     <span class='ocr_line' id='line_1_2' title="bbox 226 668 2469 755; baseline 0.005 -24"><span class='ocrx_word' id='word_1_6' title='bbox 226 671 435 731; x_wconf 63' lang='lat' dir='ltr'>neret?</span> <span class='ocrx_word' id='word_1_7' title='bbox 532 668 813 731; x_wconf 76' lang='lat' dir='ltr'><strong>Petreius</strong></span> <span class='ocrx_word' id='word_1_8' title='bbox 864 680 927 733; x_wconf 89' lang='lat' dir='ltr'>et</span> <span class='ocrx_word' id='word_1_9' title='bbox 982 670 1299 745; x_wconf 76' lang='lat' dir='ltr'>Afranius,</span> <span class='ocrx_word' id='word_1_10' title='bbox 1348 671 1643 735; x_wconf 81' lang='lat' dir='ltr'>Asturum</span> <span class='ocrx_word' id='word_1_11' title='bbox 1695 673 2148 755; x_wconf 64' lang='lat' dir='ltr'>venenumque</span> <span class='ocrx_word' id='word_1_12' title='bbox 2169 688 2294 741; x_wconf 80' lang='lat' dir='ltr'>Luc.</span> <span class='ocrx_word' id='word_1_13' title='bbox 2315 698 2390 739; x_wconf 69' lang='lat' dir='ltr'>xv.</span> <span class='ocrx_word' id='word_1_14' title='bbox 2414 696 2469 743; x_wconf 74' lang='lat' dir='ltr'>‘t-</span> 
     </span>
     <span class='ocr_line' id='line_1_3' title="bbox 224 766 2296 852; baseline 0.003 -25"><span class='ocrx_word' id='word_1_15' title='bbox 224 778 288 827; x_wconf 87' lang='lat' dir='ltr'>et</span> <span class='ocrx_word' id='word_1_16' title='bbox 328 766 767 829; x_wconf 83' lang='lat' dir='ltr'>Celtiberorum</span> <span class='ocrx_word' id='word_1_17' title='bbox 810 770 1037 829; x_wconf 80' lang='lat' dir='ltr'>coactis</span> <span class='ocrx_word' id='word_1_18' title='bbox 1076 769 1337 841; x_wconf 76' lang='lat' dir='ltr'><strong>auxiliis,</strong></span> <span class='ocrx_word' id='word_1_19' title='bbox 1378 780 1833 852; x_wconf 76' lang='lat' dir='ltr'>ceterarumque</span> <span class='ocrx_word' id='word_1_20' title='bbox 1879 774 2146 851; x_wconf 82' lang='lat' dir='ltr'>gentium</span> <span class='ocrx_word' id='word_1_21' title='bbox 2169 788 2296 840; x_wconf 73' lang='lat' dir='ltr'>caes.</span> 
     </span>
     <span class='ocr_line' id='line_1_4' title="bbox 227 864 2146 948; baseline 0.003 -25"><span class='ocrx_word' id='word_1_22' title='bbox 227 883 363 943; x_wconf 67' lang='lat' dir='ltr'>qum</span> <span class='ocrx_word' id='word_1_23' title='bbox 410 864 493 925; x_wconf 87' lang='lat' dir='ltr'>ad</span> <span class='ocrx_word' id='word_1_24' title='bbox 542 884 833 925; x_wconf 87' lang='lat' dir='ltr'>oceanum</span> <span class='ocrx_word' id='word_1_25' title='bbox 882 865 1111 937; x_wconf 85' lang='lat' dir='ltr'>colunt,</span> <span class='ocrx_word' id='word_1_26' title='bbox 1164 864 1431 927; x_wconf 84' lang='lat' dir='ltr'>Ilerdam</span> <span class='ocrx_word' id='word_1_27' title='bbox 1486 869 1648 948; x_wconf 74' lang='lat' dir='ltr'>(quae</span> <span class='ocrx_word' id='word_1_28' title='bbox 1701 868 1881 928; x_wconf 86' lang='lat' dir='ltr'>hodie</span> <span class='ocrx_word' id='word_1_29' title='bbox 1935 868 2146 931; x_wconf 80' lang='lat' dir='ltr'>leviter</span> 
     </span>
     <span class='ocr_line' id='line_1_5' title="bbox 225 960 2144 1044; baseline 0.003 -23"><span class='ocrx_word' id='word_1_30' title='bbox 225 962 591 1044; x_wconf 58' lang='lat' dir='ltr'>transpositis</span> <span class='ocrx_word' id='word_1_31' title='bbox 634 961 945 1023; x_wconf 87' lang='lat' dir='ltr'>elementis</span> <span class='ocrx_word' id='word_1_32' title='bbox 991 960 1210 1025; x_wconf 84' lang='lat' dir='ltr'>Lerida</span> <span class='ocrx_word' id='word_1_33' title='bbox 1257 968 1535 1044; x_wconf 80' lang='lat' dir='ltr'>vocatur)</span> <span class='ocrx_word' id='word_1_34' title='bbox 1588 962 1736 1026; x_wconf 89' lang='lat' dir='ltr'>belli</span> <span class='ocrx_word' id='word_1_35' title='bbox 1786 964 1988 1026; x_wconf 88' lang='lat' dir='ltr'>sedem</span> <span class='ocrx_word' id='word_1_36' title='bbox 2035 966 2144 1026; x_wconf 89' lang='lat' dir='ltr'>de-</span> 
     </span>
     <span class='ocr_line' id='line_1_6' title="bbox 226 1056 2465 1144; baseline 0.004 -27"><span class='ocrx_word' id='word_1_37' title='bbox 226 1056 441 1136; x_wconf 80' lang='lat' dir='ltr'>ligunt,</span> <span class='ocrx_word' id='word_1_38' title='bbox 488 1068 727 1140; x_wconf 76' lang='lat' dir='ltr'>propter</span> <span class='ocrx_word' id='word_1_39' title='bbox 774 1062 1291 1142; x_wconf 85' lang='lat' dir='ltr'>opportunitatem&#39;</span> <span class='ocrx_word' id='word_1_40' title='bbox 1332 1061 1472 1125; x_wconf 87' lang='lat' dir='ltr'>loci.</span> <span class='ocrx_word' id='word_1_41' title='bbox 1580 1062 1826 1144; x_wconf 80' lang='lat' dir='ltr'>Quippe</span> <span class='ocrx_word' id='word_1_42' title='bbox 1875 1064 1938 1123; x_wconf 87' lang='lat' dir='ltr'>in</span> <span class='ocrx_word' id='word_1_43' title='bbox 1983 1064 2142 1125; x_wconf 88' lang='lat' dir='ltr'>colle</span> <span class='ocrx_word' id='word_1_44' title='bbox 2200 1080 2465 1135; x_wconf 57' lang='lat' dir='ltr'>Luctum.</span> 
     </span>
     <span class='ocr_line' id='line_1_7' title="bbox 226 1151 2252 1241; baseline 0.004 -25"><span class='ocrx_word' id='word_1_45' title='bbox 226 1156 463 1216; x_wconf 83' lang='lat' dir='ltr'>modico</span> <span class='ocrx_word' id='word_1_46' title='bbox 496 1156 575 1216; x_wconf 83' lang='lat' dir='ltr'>ad</span> <span class='ocrx_word' id='word_1_47' title='bbox 612 1155 866 1217; x_wconf 82' lang='lat' dir='ltr'><strong>Sicorim</strong></span> <span class='ocrx_word' id='word_1_48' title='bbox 906 1178 1139 1219; x_wconf 87' lang='lat' dir='ltr'>amnem</span> <span class='ocrx_word' id='word_1_49' title='bbox 1174 1160 1392 1240; x_wconf 87' lang='lat' dir='ltr'>posita,</span> <span class='ocrx_word' id='word_1_50' title='bbox 1420 1168 1664 1241; x_wconf 81' lang='lat' dir='ltr'>pontem</span> <span class='ocrx_word' id='word_1_51' title='bbox 1699 1159 1998 1241; x_wconf 85' lang='lat' dir='ltr'>lapideum</span> <span class='ocrx_word' id='word_1_52' title='bbox 2032 1164 2140 1223; x_wconf 88' lang='lat' dir='ltr'>ha·</span> <span class='ocrx_word' id='word_1_53' title='bbox 2169 1151 2252 1198; x_wconf 75' lang='lat'>¹¹·</span> 
     </span>
     <span class='ocr_line' id='line_1_8' title="bbox 226 1252 2142 1337; baseline 0.005 -25"><span class='ocrx_word' id='word_1_54' title='bbox 226 1252 430 1323; x_wconf 88' lang='lat' dir='ltr'>bebat,</span> <span class='ocrx_word' id='word_1_55' title='bbox 466 1274 826 1336; x_wconf 78' lang='lat' dir='ltr'>camposque</span> <span class='ocrx_word' id='word_1_56' title='bbox 866 1256 1029 1317; x_wconf 86' lang='lat' dir='ltr'>circa</span> <span class='ocrx_word' id='word_1_57' title='bbox 1061 1265 1335 1337; x_wconf 85' lang='lat' dir='ltr'>patentes</span> <span class='ocrx_word' id='word_1_58' title='bbox 1366 1268 1433 1318; x_wconf 88' lang='lat' dir='ltr'>et</span> <span class='ocrx_word' id='word_1_59' title='bbox 1468 1257 1666 1318; x_wconf 78' lang='lat' dir='ltr'>fertile</span> <span class='ocrx_word' id='word_1_60' title='bbox 1701 1258 1916 1319; x_wconf 85' lang='lat' dir='ltr'>solum.</span> <span class='ocrx_word' id='word_1_61' title='bbox 1998 1258 2142 1323; x_wconf 84' lang='lat' dir='ltr'>Nec</span> 
     </span>
     <span class='ocr_line' id='line_1_9' title="bbox 228 1347 2140 1437; baseline 0.006 -30"><span class='ocrx_word' id='word_1_62' title='bbox 228 1347 401 1429; x_wconf 76' lang='lat' dir='ltr'>longe</span> <span class='ocrx_word' id='word_1_63' title='bbox 448 1350 667 1411; x_wconf 88' lang='lat' dir='ltr'>abinde</span> <span class='ocrx_word' id='word_1_64' title='bbox 710 1350 910 1431; x_wconf 77' lang='lat' dir='ltr'>Cinga</span> <span class='ocrx_word' id='word_1_65' title='bbox 945 1350 1186 1425; x_wconf 77' lang='lat' dir='ltr'>fluvius,</span> <span class='ocrx_word' id='word_1_66' title='bbox 1220 1354 1283 1415; x_wconf 91' lang='lat' dir='ltr'>in</span> <span class='ocrx_word' id='word_1_67' title='bbox 1328 1353 1571 1415; x_wconf 86' lang='lat' dir='ltr'>Iberum</span> <span class='ocrx_word' id='word_1_68' title='bbox 1616 1354 1896 1419; x_wconf 77' lang='lat' dir='ltr'>evolvens</span> <span class='ocrx_word' id='word_1_69' title='bbox 1933 1376 2140 1437; x_wconf 85' lang='lat' dir='ltr'>aquas.</span> 
     </span>
     <span class='ocr_line' id='line_1_10' title="bbox 225 1444 2144 1533; baseline 0.006 -29"><span class='ocrx_word' id='word_1_70' title='bbox 225 1444 419 1506; x_wconf 80' lang='lat' dir='ltr'>Juxta</span> <span class='ocrx_word' id='word_1_71' title='bbox 458 1446 721 1507; x_wconf 65' lang='lat' dir='ltr'>humulus</span> <span class='ocrx_word' id='word_1_72' title='bbox 742 1456 873 1508; x_wconf 90' lang='lat' dir='ltr'>erat</span> <span class='ocrx_word' id='word_1_73' title='bbox 896 1448 1077 1529; x_wconf 85' lang='lat' dir='ltr'>paulo</span> <span class='ocrx_word' id='word_1_74' title='bbox 1102 1448 1337 1517; x_wconf 75' lang='lat' dir='ltr'>editior.</span> <span class='ocrx_word' id='word_1_75' title='bbox 1420 1450 1581 1511; x_wconf 83' lang='lat' dir='ltr'>Eum</span> <span class='ocrx_word' id='word_1_76' title='bbox 1604 1460 1894 1533; x_wconf 83' lang='lat' dir='ltr'>ceperunt</span> <span class='ocrx_word' id='word_1_77' title='bbox 1930 1454 2144 1515; x_wconf 84' lang='lat' dir='ltr'>castris</span> 
     </span>
     <span class='ocr_line' id='line_1_11' title="bbox 224 1540 2292 1629; baseline 0.006 -30"><span class='ocrx_word' id='word_1_78' title='bbox 224 1540 447 1614; x_wconf 87' lang='lat' dir='ltr'>locum,</span> <span class='ocrx_word' id='word_1_79' title='bbox 483 1543 757 1604; x_wconf 83' lang='lat' dir='ltr'>omnibus</span> <span class='ocrx_word' id='word_1_80' title='bbox 786 1565 861 1605; x_wconf 89' lang='lat' dir='ltr'>eo</span> <span class='ocrx_word' id='word_1_81' title='bbox 898 1548 1221 1607; x_wconf 89' lang='lat' dir='ltr'>contractis</span> <span class='ocrx_word' id='word_1_82' title='bbox 1250 1548 1455 1629; x_wconf 87' lang='lat' dir='ltr'>copiis.</span> <span class='ocrx_word' id='word_1_83' title='bbox 1540 1547 1838 1609; x_wconf 72' lang='lat' dir='ltr'>Astauius</span> <span class='ocrx_word' id='word_1_84' title='bbox 1873 1558 1992 1609; x_wconf 85' lang='lat' dir='ltr'>tres</span> <span class='ocrx_word' id='word_1_85' title='bbox 2029 1548 2138 1611; x_wconf 88' lang='lat' dir='ltr'>ha·</span> <span class='ocrx_word' id='word_1_86' title='bbox 2163 1571 2292 1621; x_wconf 65' lang='lat' dir='ltr'>Cen.</span> 
     </span>
     <span class='ocr_line' id='line_1_12' title="bbox 226 1638 2142 1727; baseline 0.005 -29"><span class='ocrx_word' id='word_1_87' title='bbox 226 1638 409 1699; x_wconf 86' lang='lat' dir='ltr'>bebat</span> <span class='ocrx_word' id='word_1_88' title='bbox 438 1639 731 1719; x_wconf 77' lang='lat' dir='ltr'>legiones,</span> <span class='ocrx_word' id='word_1_89' title='bbox 760 1641 913 1702; x_wconf 81' lang='lat' dir='ltr'>duas</span> <span class='ocrx_word' id='word_1_90' title='bbox 948 1642 1263 1703; x_wconf 80' lang='lat' dir='ltr'><strong>Petreius:</strong></span> <span class='ocrx_word' id='word_1_91' title='bbox 1308 1642 1539 1705; x_wconf 85' lang='lat' dir='ltr'>auxilia</span> <span class='ocrx_word' id='word_1_92' title='bbox 1573 1664 1794 1724; x_wconf 76' lang='lat' dir='ltr'>magna</span> <span class='ocrx_word' id='word_1_93' title='bbox 1828 1644 2142 1727; x_wconf 87' lang='lat' dir='ltr'>Hispano·</span> 
     </span>
     <span class='ocr_line' id='line_1_13' title="bbox 224 1739 2137 1821; baseline 0.004 -28"><span class='ocrx_word' id='word_1_94' title='bbox 224 1756 351 1795; x_wconf 86' lang='lat' dir='ltr'>rum</span> <span class='ocrx_word' id='word_1_95' title='bbox 391 1744 733 1816; x_wconf 70' lang='lat' dir='ltr'>coegerant,</span> <span class='ocrx_word' id='word_1_96' title='bbox 758 1739 1035 1799; x_wconf 79' lang='lat' dir='ltr'>cohortes</span> <span class='ocrx_word' id='word_1_97' title='bbox 1066 1739 1302 1801; x_wconf 80' lang='lat' dir='ltr'>circiter</span> <span class='ocrx_word' id='word_1_98' title='bbox 1332 1741 1660 1821; x_wconf 74' lang='lat' dir='ltr'>octoginta,</span> <span class='ocrx_word' id='word_1_99' title='bbox 1689 1742 1954 1821; x_wconf 87' lang='lat' dir='ltr'>equitum</span> <span class='ocrx_word' id='word_1_100' title='bbox 1991 1745 2137 1803; x_wconf 85' lang='lat' dir='ltr'>utri-</span> 
     </span>
     <span class='ocr_line' id='line_1_14' title="bbox 224 1834 2140 1917; baseline 0.004 -25"><span class='ocrx_word' id='word_1_101' title='bbox 224 1852 411 1913; x_wconf 82' lang='lat' dir='ltr'>usque</span> <span class='ocrx_word' id='word_1_102' title='bbox 438 1834 755 1915; x_wconf 61' lang='lat' dir='ltr'>provincia!</span> <span class='ocrx_word' id='word_1_103' title='bbox 780 1838 1017 1899; x_wconf 80' lang='lat' dir='ltr'>circiter</span> <span class='ocrx_word' id='word_1_104' title='bbox 1040 1838 1302 1917; x_wconf 87' lang='lat' dir='ltr'>quinque</span> <span class='ocrx_word' id='word_1_105' title='bbox 1324 1838 1535 1899; x_wconf 86' lang='lat' dir='ltr'>millia.</span> <span class='ocrx_word' id='word_1_106' title='bbox 1610 1837 1818 1899; x_wconf 83' lang='lat' dir='ltr'>Duces</span> <span class='ocrx_word' id='word_1_107' title='bbox 1837 1840 2140 1901; x_wconf 72' lang='lat' dir='ltr'>com-uni</span> 
     </span>
     <span class='ocr_line' id='line_1_15' title="bbox 224 1930 2348 2013; baseline 0.004 -24"><span class='ocrx_word' id='word_1_108' title='bbox 224 1930 474 1991; x_wconf 84' lang='lat' dir='ltr'>consilio</span> <span class='ocrx_word' id='word_1_109' title='bbox 518 1934 767 2013; x_wconf 88' lang='lat' dir='ltr'>parique</span> <span class='ocrx_word' id='word_1_110' title='bbox 800 1934 941 2012; x_wconf 87' lang='lat' dir='ltr'>jure</span> <span class='ocrx_word' id='word_1_111' title='bbox 986 1932 1481 1996; x_wconf 73' lang='lat' dir='ltr'>administrabant</span> <span class='ocrx_word' id='word_1_112' title='bbox 1520 1937 1746 2007; x_wconf 82' lang='lat' dir='ltr'>omnia,</span> <span class='ocrx_word' id='word_1_113' title='bbox 1790 1944 1854 1997; x_wconf 86' lang='lat' dir='ltr'>et</span> <span class='ocrx_word' id='word_1_114' title='bbox 1897 1936 2142 1997; x_wconf 78' lang='lat' dir='ltr'>alternis</span> <span class='ocrx_word' id='word_1_115' title='bbox 2164 1953 2348 2005; x_wconf 67' lang='lat' dir='ltr'>Lucan.</span> 
     </span>
     <span class='ocr_line' id='line_1_16' title="bbox 224 2028 1321 2106; baseline 0.005 -20"><span class='ocrx_word' id='word_1_116' title='bbox 224 2028 455 2106; x_wconf 84' lang='lat' dir='ltr'>signum</span> <span class='ocrx_word' id='word_1_117' title='bbox 491 2031 607 2089; x_wconf 83' lang='lat' dir='ltr'>toti</span> <span class='ocrx_word' id='word_1_118' title='bbox 640 2032 931 2092; x_wconf 85' lang='lat' dir='ltr'>exercitui</span> <span class='ocrx_word' id='word_1_119' title='bbox 964 2030 1213 2092; x_wconf 83' lang='lat' dir='ltr'>dabant.</span> <span class='ocrx_word' id='word_1_120' title='bbox 1310 2043 1321 2049; x_wconf 84' lang='lat'>&#39;</span> 
     </span>
    </p>

    <p class='ocr_par' dir='ltr' id='par_1_3' title="bbox 225 2126 2292 3970">
     <span class='ocr_line' id='line_1_17' title="bbox 305 2126 2292 2201; baseline 0.006 -17"><span class='ocrx_word' id='word_1_121' title='bbox 305 2132 406 2186; x_wconf 76' lang='lat'>13.</span> <span class='ocrx_word' id='word_1_122' title='bbox 456 2126 679 2187; x_wconf 81' lang='lat' dir='ltr'>Fabius</span> <span class='ocrx_word' id='word_1_123' title='bbox 712 2138 921 2189; x_wconf 89' lang='lat' dir='ltr'>contra</span> <span class='ocrx_word' id='word_1_124' title='bbox 948 2130 1058 2190; x_wconf 90' lang='lat' dir='ltr'>hos</span> <span class='ocrx_word' id='word_1_125' title='bbox 1080 2138 1277 2190; x_wconf 81' lang='lat' dir='ltr'>castra</span> <span class='ocrx_word' id='word_1_126' title='bbox 1300 2138 1555 2191; x_wconf 62' lang='lat' dir='ltr'>metatus</span> <span class='ocrx_word' id='word_1_127' title='bbox 1578 2128 1660 2191; x_wconf 89' lang='lat' dir='ltr'>ad</span> <span class='ocrx_word' id='word_1_128' title='bbox 1685 2126 1964 2201; x_wconf 76' lang='lat' dir='ltr'>Sicorim,</span> <span class='ocrx_word' id='word_1_129' title='bbox 1991 2130 2142 2192; x_wconf 85' lang='lat' dir='ltr'>duos</span> <span class='ocrx_word' id='word_1_130' title='bbox 2164 2143 2292 2196; x_wconf 65' lang='lat' dir='ltr'>Ceo.</span> 
     </span>
     <span class='ocr_line' id='line_1_18' title="bbox 228 2222 2140 2309; baseline 0.004 -29"><span class='ocrx_word' id='word_1_131' title='bbox 228 2224 284 2281; x_wconf 90' lang='lat' dir='ltr'>in</span> <span class='ocrx_word' id='word_1_132' title='bbox 326 2222 569 2284; x_wconf 85' lang='lat' dir='ltr'>flumine</span> <span class='ocrx_word' id='word_1_133' title='bbox 606 2238 816 2307; x_wconf 82' lang='lat' dir='ltr'>pontes</span> <span class='ocrx_word' id='word_1_134' title='bbox 848 2226 1151 2297; x_wconf 84' lang='lat' dir='ltr'>effecerat,</span> <span class='ocrx_word' id='word_1_135' title='bbox 1176 2228 1331 2289; x_wconf 76' lang='lat' dir='ltr'>inter</span> <span class='ocrx_word' id='word_1_136' title='bbox 1362 2248 1427 2288; x_wconf 90' lang='lat' dir='ltr'>se</span> <span class='ocrx_word' id='word_1_137' title='bbox 1462 2227 1754 2289; x_wconf 88' lang='lat' dir='ltr'>distantes</span> <span class='ocrx_word' id='word_1_138' title='bbox 1785 2226 1978 2289; x_wconf 85' lang='lat' dir='ltr'>millia</span> <span class='ocrx_word' id='word_1_139' title='bbox 2005 2240 2140 2309; x_wconf 75' lang='lat' dir='ltr'>pas-</span> 
     </span>
     <span class='ocr_line' id='line_1_19' title="bbox 225 2324 2140 2407; baseline 0.003 -28"><span class='ocrx_word' id='word_1_140' title='bbox 225 2339 391 2380; x_wconf 82' lang='lat' dir='ltr'>suum</span> <span class='ocrx_word' id='word_1_141' title='bbox 418 2332 700 2402; x_wconf 87' lang='lat' dir='ltr'>quatuor.</span> <span class='ocrx_word' id='word_1_142' title='bbox 770 2324 895 2385; x_wconf 88' lang='lat' dir='ltr'>His</span> <span class='ocrx_word' id='word_1_143' title='bbox 918 2326 1201 2407; x_wconf 84' lang='lat' dir='ltr'>pontibus</span> <span class='ocrx_word' id='word_1_144' title='bbox 1218 2326 1571 2406; x_wconf 76' lang='lat' dir='ltr'>pabulatum</span> <span class='ocrx_word' id='word_1_145' title='bbox 1596 2326 1806 2387; x_wconf 83' lang='lat' dir='ltr'>crebro</span> <span class='ocrx_word' id='word_1_146' title='bbox 1829 2326 2140 2407; x_wconf 73' lang='lat' dir='ltr'>mittebat:</span> 
     </span>
     <span class='ocr_line' id='line_1_20' title="bbox 226 2406 2144 2504; baseline 0.003 -28"><span class='ocrx_word' id='word_1_147' title='bbox 226 2418 385 2495; x_wconf 85' lang='lat' dir='ltr'>quod</span> <span class='ocrx_word' id='word_1_148' title='bbox 422 2420 585 2481; x_wconf 88' lang='lat' dir='ltr'>idem</span> <span class='ocrx_word' id='word_1_149' title='bbox 620 2442 756 2482; x_wconf 88' lang='lat' dir='ltr'>cum</span> <span class='ocrx_word' id='word_1_150' title='bbox 792 2434 857 2484; x_wconf 88' lang='lat' dir='ltr'>et</span> <span class='ocrx_word' id='word_1_151' title='bbox 892 2424 972 2483; x_wconf 89' lang='lat' dir='ltr'>ab</span> <span class='ocrx_word' id='word_1_152' title='bbox 1001 2424 1273 2483; x_wconf 83' lang='lat' dir='ltr'>hostibus</span> <span class='ocrx_word' id='word_1_153' title='bbox 1296 2422 1489 2494; x_wconf 86' lang='lat' dir='ltr'>fieret,</span> <span class='ocrx_word' id='word_1_154' title='bbox 1514 2406 1742 2484; x_wconf 54' lang='lat' dir='ltr'>crebrae&#39;</span> <span class='ocrx_word' id='word_1_155' title='bbox 1765 2422 2144 2504; x_wconf 80' lang='lat' dir='ltr'>velitationes</span> 
     </span>
     <span class='ocr_line' id='line_1_21' title="bbox 226 2519 2140 2602; baseline 0.003 -28"><span class='ocrx_word' id='word_1_156' title='bbox 226 2525 427 2577; x_wconf 82' lang='lat' dir='ltr'>erant:</span> <span class='ocrx_word' id='word_1_157' title='bbox 472 2538 585 2581; x_wconf 86' lang='lat' dir='ltr'>nec</span> <span class='ocrx_word' id='word_1_158' title='bbox 614 2522 739 2581; x_wconf 87' lang='lat' dir='ltr'>sine</span> <span class='ocrx_word' id='word_1_159' title='bbox 772 2540 990 2601; x_wconf 82' lang='lat' dir='ltr'>magno</span> <span class='ocrx_word' id='word_1_160' title='bbox 1025 2520 1303 2602; x_wconf 83' lang='lat' dir='ltr'>praesidio</span> <span class='ocrx_word' id='word_1_161' title='bbox 1336 2522 1531 2581; x_wconf 78' lang='lat' dir='ltr'>emitti</span> <span class='ocrx_word' id='word_1_162' title='bbox 1568 2519 1950 2602; x_wconf 70' lang='lat' dir='ltr'>pabulatores</span> <span class='ocrx_word' id='word_1_163' title='bbox 1975 2528 2140 2601; x_wconf 85' lang='lat' dir='ltr'>pote-</span> 
     </span>
     <span class='ocr_line' id='line_1_22' title="bbox 226 2608 2144 2699; baseline 0.002 -25"><span class='ocrx_word' id='word_1_164' title='bbox 226 2624 373 2675; x_wconf 81' lang='lat' dir='ltr'>rant.</span> <span class='ocrx_word' id='word_1_165' title='bbox 462 2616 717 2679; x_wconf 80' lang='lat' dir='ltr'>Accidit</span> <span class='ocrx_word' id='word_1_166' title='bbox 756 2619 959 2698; x_wconf 80' lang='lat' dir='ltr'>igitur,</span> <span class='ocrx_word' id='word_1_167' title='bbox 985 2638 1123 2680; x_wconf 88' lang='lat' dir='ltr'>cum</span> <span class='ocrx_word' id='word_1_168' title='bbox 1160 2620 1423 2699; x_wconf 80' lang='lat' dir='ltr'>leg-iones</span> <span class='ocrx_word' id='word_1_169' title='bbox 1448 2608 1736 2680; x_wconf 69' lang='lat' dir='ltr'>Fabianae</span> <span class='ocrx_word' id='word_1_170' title='bbox 1761 2618 1899 2680; x_wconf 77' lang='lat' dir='ltr'>duae</span> <span class='ocrx_word' id='word_1_171' title='bbox 1924 2616 2144 2679; x_wconf 86' lang='lat' dir='ltr'>flumen</span> 
     </span>
     <span class='ocr_line' id='line_1_23' title="bbox 227 2714 2141 2798; baseline 0.002 -25"><span class='ocrx_word' id='word_1_172' title='bbox 227 2714 587 2788; x_wconf 64' lang='lat' dir='ltr'>munissent,</span> <span class='ocrx_word' id='word_1_173' title='bbox 626 2715 1171 2798; x_wconf 86' lang='lat' dir='ltr'>impedimentaque</span> <span class='ocrx_word' id='word_1_174' title='bbox 1210 2726 1275 2778; x_wconf 86' lang='lat' dir='ltr'>et</span> <span class='ocrx_word' id='word_1_175' title='bbox 1310 2718 1501 2777; x_wconf 87' lang='lat' dir='ltr'>omnis</span> <span class='ocrx_word' id='word_1_176' title='bbox 1532 2717 1840 2798; x_wconf 80' lang='lat' dir='ltr'>equitatus</span> <span class='ocrx_word' id='word_1_177' title='bbox 1867 2735 2141 2797; x_wconf 81' lang='lat' dir='ltr'>sequere-</span> 
     </span>
     <span class='ocr_line' id='line_1_24' title="bbox 228 2813 2142 2896; baseline 0.003 -27"><span class='ocrx_word' id='word_1_178' title='bbox 228 2820 340 2881; x_wconf 85' lang='lat' dir='ltr'>tur,</span> <span class='ocrx_word' id='word_1_179' title='bbox 376 2822 450 2871; x_wconf 87' lang='lat' dir='ltr'>ut</span> <span class='ocrx_word' id='word_1_180' title='bbox 486 2832 637 2894; x_wconf 89' lang='lat' dir='ltr'>pons</span> <span class='ocrx_word' id='word_1_181' title='bbox 673 2815 733 2875; x_wconf 77' lang='lat' dir='ltr'>vi</span> <span class='ocrx_word' id='word_1_182' title='bbox 764 2817 1173 2894; x_wconf 76' lang='lat' dir='ltr'>jumentorum</span> <span class='ocrx_word' id='word_1_183' title='bbox 1207 2823 1270 2874; x_wconf 87' lang='lat' dir='ltr'>et</span> <span class='ocrx_word' id='word_1_184' title='bbox 1306 2836 1479 2896; x_wconf 77' lang='lat' dir='ltr'>aquae</span> <span class='ocrx_word' id='word_1_185' title='bbox 1510 2813 1918 2894; x_wconf 71' lang='lat' dir='ltr'>magnitudine</span> <span class='ocrx_word' id='word_1_186' title='bbox 1961 2814 2142 2875; x_wconf 86' lang='lat' dir='ltr'>inter—</span> 
     </span>
     <span class='ocr_line' id='line_1_25' title="bbox 230 2910 2142 2994; baseline 0.004 -28"><span class='ocrx_word' id='word_1_187' title='bbox 230 2918 454 2988; x_wconf 86' lang='lat' dir='ltr'>ruptus,</span> <span class='ocrx_word' id='word_1_188' title='bbox 480 2914 805 2972; x_wconf 83' lang='lat' dir='ltr'>maximam</span> <span class='ocrx_word' id='word_1_189' title='bbox 842 2922 1069 2994; x_wconf 87' lang='lat' dir='ltr'>partem</span> <span class='ocrx_word' id='word_1_190' title='bbox 1096 2914 1357 2992; x_wconf 83' lang='lat' dir='ltr'>equitum</span> <span class='ocrx_word' id='word_1_191' title='bbox 1388 2932 1427 2973; x_wconf 90' lang='lat' dir='ltr'>a</span> <span class='ocrx_word' id='word_1_192' title='bbox 1452 2912 1784 2991; x_wconf 71' lang='lat' dir='ltr'>legionibus</span> <span class='ocrx_word' id='word_1_193' title='bbox 1805 2910 2142 2973; x_wconf 80' lang='lat' dir='ltr'>divelleret.</span> 
     </span>
     <span class='ocr_line' id='line_1_26' title="bbox 234 2998 2143 3091; baseline 0.002 -25"><span class='ocrx_word' id='word_1_194' title='bbox 234 3006 373 3067; x_wconf 89' lang='lat' dir='ltr'>Hoc</span> <span class='ocrx_word' id='word_1_195' title='bbox 410 3009 519 3068; x_wconf 89' lang='lat' dir='ltr'>ubi</span> <span class='ocrx_word' id='word_1_196' title='bbox 554 3028 633 3069; x_wconf 84' lang='lat' dir='ltr'>ex</span> <span class='ocrx_word' id='word_1_197' title='bbox 658 3030 875 3089; x_wconf 76' lang='lat' dir='ltr'>aggere</span> <span class='ocrx_word' id='word_1_198' title='bbox 898 3020 961 3071; x_wconf 91' lang='lat' dir='ltr'>et</span> <span class='ocrx_word' id='word_1_199' title='bbox 984 2998 1249 3073; x_wconf 74' lang='lat' dir='ltr'>cratibus</span> <span class='ocrx_word' id='word_1_200' title='bbox 1272 3030 1406 3091; x_wconf 79' lang='lat' dir='ltr'>quoe</span> <span class='ocrx_word' id='word_1_201' title='bbox 1438 3029 1625 3091; x_wconf 89' lang='lat' dir='ltr'>prono</span> <span class='ocrx_word' id='word_1_202' title='bbox 1649 3007 1890 3070; x_wconf 79' lang='lat' dir='ltr'>flumine</span> <span class='ocrx_word' id='word_1_203' title='bbox 1913 3006 2143 3069; x_wconf 82' lang='lat' dir='ltr'>defere-</span> 
     </span>
     <span class='ocr_line' id='line_1_27' title="bbox 231 3105 2140 3189; baseline 0.001 -24"><span class='ocrx_word' id='word_1_204' title='bbox 231 3105 462 3178; x_wconf 80' lang='lat' dir='ltr'>bantur,</span> <span class='ocrx_word' id='word_1_205' title='bbox 488 3106 755 3168; x_wconf 82' lang='lat' dir='ltr'>hostibus</span> <span class='ocrx_word' id='word_1_206' title='bbox 796 3110 1096 3189; x_wconf 78' lang='lat' dir='ltr'>cognitum</span> <span class='ocrx_word' id='word_1_207' title='bbox 1138 3117 1251 3179; x_wconf 84' lang='lat' dir='ltr'>est,</span> <span class='ocrx_word' id='word_1_208' title='bbox 1284 3106 1579 3169; x_wconf 83' lang='lat' dir='ltr'>Afranius</span> <span class='ocrx_word' id='word_1_209' title='bbox 1610 3105 1882 3167; x_wconf 81' lang='lat' dir='ltr'>celeriter</span> <span class='ocrx_word' id='word_1_210' title='bbox 1907 3108 2140 3187; x_wconf 83' lang='lat' dir='ltr'>equita-</span> 
     </span>
     <span class='ocr_line' id='line_1_28' title="bbox 232 3203 2140 3287; baseline 0.002 -26"><span class='ocrx_word' id='word_1_211' title='bbox 232 3210 349 3262; x_wconf 77' lang='lat' dir='ltr'>tum</span> <span class='ocrx_word' id='word_1_212' title='bbox 394 3223 632 3263; x_wconf 88' lang='lat' dir='ltr'>omnem</span> <span class='ocrx_word' id='word_1_213' title='bbox 679 3203 1057 3287; x_wconf 79' lang='lat' dir='ltr'>legionesque</span> <span class='ocrx_word' id='word_1_214' title='bbox 1099 3214 1353 3286; x_wconf 84' lang='lat' dir='ltr'>quatuor</span> <span class='ocrx_word' id='word_1_215' title='bbox 1403 3223 1511 3264; x_wconf 86' lang='lat' dir='ltr'>suo</span> <span class='ocrx_word' id='word_1_216' title='bbox 1556 3212 1736 3285; x_wconf 80' lang='lat' dir='ltr'>ponte</span> <span class='ocrx_word' id='word_1_217' title='bbox 1779 3203 2140 3265; x_wconf 81' lang='lat' dir='ltr'>transduxit.</span> 
     </span>
     <span class='ocr_line' id='line_1_29' title="bbox 237 3298 2142 3383; baseline 0.002 -26"><span class='ocrx_word' id='word_1_218' title='bbox 237 3298 391 3379; x_wconf 78' lang='lat' dir='ltr'>Ergo</span> <span class='ocrx_word' id='word_1_219' title='bbox 420 3300 492 3362; x_wconf 89' lang='lat' dir='ltr'>L.</span> <span class='ocrx_word' id='word_1_220' title='bbox 520 3300 814 3371; x_wconf 83' lang='lat' dir='ltr'>Plancus,</span> <span class='ocrx_word' id='word_1_221' title='bbox 842 3304 945 3383; x_wconf 91' lang='lat' dir='ltr'>qui</span> <span class='ocrx_word' id='word_1_222' title='bbox 976 3303 1311 3382; x_wconf 75' lang='lat' dir='ltr'>legionibus</span> <span class='ocrx_word' id='word_1_223' title='bbox 1335 3300 1619 3361; x_wconf 87' lang='lat' dir='ltr'>Fabianis</span> <span class='ocrx_word' id='word_1_224' title='bbox 1642 3308 1916 3381; x_wconf 83' lang='lat' dir='ltr'>praeerat,</span> <span class='ocrx_word' id='word_1_225' title='bbox 1944 3299 2142 3361; x_wconf 85' lang='lat' dir='ltr'>locum</span> 
     </span>
     <span class='ocr_line' id='line_1_30' title="bbox 232 3396 2140 3481; baseline 0.003 -26"><span class='ocrx_word' id='word_1_226' title='bbox 232 3399 585 3477; x_wconf 84' lang='lat' dir='ltr'>superiorem</span> <span class='ocrx_word' id='word_1_227' title='bbox 624 3410 900 3481; x_wconf 83' lang='lat' dir='ltr'>occupat,</span> <span class='ocrx_word' id='word_1_228' title='bbox 926 3403 1098 3481; x_wconf 85' lang='lat' dir='ltr'>cujus</span> <span class='ocrx_word' id='word_1_229' title='bbox 1132 3400 1359 3471; x_wconf 73' lang='lat' dir='ltr'>auxilio</span> <span class='ocrx_word' id='word_1_230' title='bbox 1392 3398 1674 3459; x_wconf 74' lang='lat' dir='ltr'>adversus</span> <span class='ocrx_word' id='word_1_231' title='bbox 1701 3396 2140 3463; x_wconf 83' lang='lat' dir='ltr'>multitudinem</span> 
     </span>
     <span class='ocr_line' id='line_1_31' title="bbox 234 3494 2141 3579; baseline 0 -24"><span class='ocrx_word' id='word_1_232' title='bbox 234 3494 478 3556; x_wconf 78' lang='lat' dir='ltr'>hostium</span> <span class='ocrx_word' id='word_1_233' title='bbox 494 3517 561 3557; x_wconf 85' lang='lat' dir='ltr'>se</span> <span class='ocrx_word' id='word_1_234' title='bbox 576 3506 886 3560; x_wconf 80' lang='lat' dir='ltr'>tutaretur.</span> <span class='ocrx_word' id='word_1_235' title='bbox 926 3498 1153 3559; x_wconf 78' lang='lat' dir='ltr'>Praelio</span> <span class='ocrx_word' id='word_1_236' title='bbox 1168 3498 1249 3558; x_wconf 84' lang='lat' dir='ltr'>ab</span> <span class='ocrx_word' id='word_1_237' title='bbox 1266 3497 1569 3579; x_wconf 87' lang='lat' dir='ltr'>equitibus</span> <span class='ocrx_word' id='word_1_238' title='bbox 1582 3495 1914 3568; x_wconf 88' lang='lat' dir='ltr'>commisso,</span> <span class='ocrx_word' id='word_1_239' title='bbox 1933 3496 2141 3577; x_wconf 86' lang='lat' dir='ltr'>procul</span> 
     </span>
     <span class='ocr_line' id='line_1_32' title="bbox 236 3592 2142 3676; baseline 0 -23"><span class='ocrx_word' id='word_1_240' title='bbox 236 3593 357 3653; x_wconf 83' lang='lat' dir='ltr'>visa</span> <span class='ocrx_word' id='word_1_241' title='bbox 372 3604 515 3654; x_wconf 78' lang='lat' dir='ltr'>sunt</span> <span class='ocrx_word' id='word_1_242' title='bbox 538 3596 707 3675; x_wconf 81' lang='lat' dir='ltr'>signa</span> <span class='ocrx_word' id='word_1_243' title='bbox 723 3594 974 3657; x_wconf 89' lang='lat' dir='ltr'>duarum</span> <span class='ocrx_word' id='word_1_244' title='bbox 1000 3595 1322 3676; x_wconf 77' lang='lat' dir='ltr'>legionum,</span> <span class='ocrx_word' id='word_1_245' title='bbox 1350 3614 1503 3676; x_wconf 89' lang='lat' dir='ltr'>quas</span> <span class='ocrx_word' id='word_1_246' title='bbox 1526 3592 1603 3655; x_wconf 86' lang='lat' dir='ltr'>C.</span> <span class='ocrx_word' id='word_1_247' title='bbox 1622 3592 1868 3665; x_wconf 85' lang='lat' dir='ltr'>Fabius,</span> <span class='ocrx_word' id='word_1_248' title='bbox 1890 3592 1953 3653; x_wconf 91' lang='lat' dir='ltr'>id</span> <span class='ocrx_word' id='word_1_249' title='bbox 1978 3592 2142 3674; x_wconf 91' lang='lat' dir='ltr'>quod</span> 
     </span>
     <span class='ocr_line' id='line_1_33' title="bbox 234 3690 2142 3775; baseline 0 -24"><span class='ocrx_word' id='word_1_250' title='bbox 234 3700 351 3751; x_wconf 85' lang='lat' dir='ltr'>erat</span> <span class='ocrx_word' id='word_1_251' title='bbox 360 3694 715 3775; x_wconf 83' lang='lat' dir='ltr'>suspicatus,</span> <span class='ocrx_word' id='word_1_252' title='bbox 728 3694 991 3756; x_wconf 86' lang='lat' dir='ltr'>subsidio</span> <span class='ocrx_word' id='word_1_253' title='bbox 1003 3694 1407 3755; x_wconf 86' lang='lat' dir='ltr'>suisulteriore</span> <span class='ocrx_word' id='word_1_254' title='bbox 1417 3702 1597 3774; x_wconf 85' lang='lat' dir='ltr'>ponte</span> <span class='ocrx_word' id='word_1_255' title='bbox 1608 3692 1868 3752; x_wconf 84' lang='lat' dir='ltr'>miserat.</span> <span class='ocrx_word' id='word_1_256' title='bbox 1899 3690 2142 3753; x_wconf 81' lang='lat' dir='ltr'>Harum</span> 
     </span>
     <span class='ocr_line' id='line_1_34' title="bbox 236 3790 2142 3874; baseline -0.002 -23"><span class='ocrx_word' id='word_1_257' title='bbox 236 3790 487 3852; x_wconf 80' lang='lat' dir='ltr'>adventu</span> <span class='ocrx_word' id='word_1_258' title='bbox 516 3792 787 3873; x_wconf 84' lang='lat' dir='ltr'>praelium</span> <span class='ocrx_word' id='word_1_259' title='bbox 818 3792 1145 3854; x_wconf 83' lang='lat' dir='ltr'>dirimitur:</span> <span class='ocrx_word' id='word_1_260' title='bbox 1192 3794 1381 3874; x_wconf 69' lang='lat' dir='ltr'>copiae</span> <span class='ocrx_word' id='word_1_261' title='bbox 1410 3790 1706 3870; x_wconf 86' lang='lat' dir='ltr'>utrimque</span> <span class='ocrx_word' id='word_1_262' title='bbox 1733 3790 1794 3849; x_wconf 90' lang='lat' dir='ltr'>in</span> <span class='ocrx_word' id='word_1_263' title='bbox 1819 3796 2016 3849; x_wconf 80' lang='lat' dir='ltr'>castra</span> <span class='ocrx_word' id='word_1_264' title='bbox 2049 3806 2142 3848; x_wconf 87' lang='lat' dir='ltr'>re-</span> 
     </span>
     <span class='ocr_line' id='line_1_35' title="bbox 236 3883 2140 3970; baseline -0.002 -22"><span class='ocrx_word' id='word_1_265' title='bbox 236 3898 559 3960; x_wconf 81' lang='lat' dir='ltr'>vertuntur,</span> <span class='ocrx_word' id='word_1_266' title='bbox 575 3908 712 3948; x_wconf 89' lang='lat' dir='ltr'>cum</span> <span class='ocrx_word' id='word_1_267' title='bbox 730 3888 1163 3970; x_wconf 88' lang='lat' dir='ltr'>aliquammulti</span> <span class='ocrx_word' id='word_1_268' title='bbox 1176 3888 1577 3949; x_wconf 88' lang='lat' dir='ltr'>Fabianorum</span> <span class='ocrx_word' id='word_1_269' title='bbox 1592 3895 1789 3946; x_wconf 83' lang='lat' dir='ltr'>essent</span> <span class='ocrx_word' id='word_1_270' title='bbox 1803 3883 2140 3945; x_wconf 78' lang='lat' dir='ltr'>desiderati.</span> 
     </span>
    </p>

    <p class='ocr_par' dir='ltr' id='par_1_4' title="bbox 238 3982 2154 4456">
     <span class='ocr_line' id='line_1_36' title="bbox 310 3982 2140 4067; baseline -0.002 -23"><span class='ocrx_word' id='word_1_271' title='bbox 310 3991 406 4045; x_wconf 76' lang='grc'>14.</span> <span class='ocrx_word' id='word_1_272' title='bbox 452 3984 549 4046; x_wconf 86' lang='grc' dir='ltr'>Εο</span> <span class='ocrx_word' id='word_1_273' title='bbox 588 3985 779 4046; x_wconf 83' lang='lat' dir='ltr'>biduo</span> <span class='ocrx_word' id='word_1_274' title='bbox 812 3984 1033 4064; x_wconf 50' lang='lat' dir='ltr'>Caesar,</span> <span class='ocrx_word' id='word_1_275' title='bbox 1061 3985 1425 4067; x_wconf 80' lang='lat' dir='ltr'>supervenit,</span> <span class='ocrx_word' id='word_1_276' title='bbox 1465 4002 1603 4045; x_wconf 88' lang='lat' dir='ltr'>cum</span> <span class='ocrx_word' id='word_1_277' title='bbox 1648 3982 1952 4064; x_wconf 86' lang='lat' dir='ltr'>equitibus</span> <span class='ocrx_word' id='word_1_278' title='bbox 1995 4001 2140 4041; x_wconf 85' lang='lat' dir='ltr'>non-</span> 
     </span>
     <span class='ocr_line' id='line_1_37' title="bbox 238 4084 2144 4169; baseline -0.003 -26"><span class='ocrx_word' id='word_1_279' title='bbox 238 4086 439 4159; x_wconf 84' lang='lat' dir='ltr'>gentis,</span> <span class='ocrx_word' id='word_1_280' title='bbox 476 4104 626 4165; x_wconf 85' lang='lat' dir='ltr'>quos</span> <span class='ocrx_word' id='word_1_281' title='bbox 658 4086 771 4145; x_wconf 83' lang='lat' dir='ltr'>sibi</span> <span class='ocrx_word' id='word_1_282' title='bbox 816 4084 1089 4166; x_wconf 81' lang='lat' dir='ltr'>praesidio</span> <span class='ocrx_word' id='word_1_283' title='bbox 1124 4084 1477 4145; x_wconf 82' lang='lat' dir='ltr'>retinuerat:</span> <span class='ocrx_word' id='word_1_284' title='bbox 1519 4090 1581 4169; x_wconf 82' lang='lat' dir='ltr'>et</span> <span class='ocrx_word' id='word_1_285' title='bbox 1614 4088 1798 4163; x_wconf 77' lang='lat' dir='ltr'>ponte</span> <span class='ocrx_word' id='word_1_286' title='bbox 1833 4088 2011 4139; x_wconf 84' lang='lat' dir='ltr'>noctu</span> <span class='ocrx_word' id='word_1_287' title='bbox 2049 4098 2144 4138; x_wconf 87' lang='lat' dir='ltr'>re·</span> 
     </span>
     <span class='ocr_line' id='line_1_38' title="bbox 238 4176 2140 4262; baseline -0.002 -25"><span class='ocrx_word' id='word_1_288' title='bbox 238 4176 329 4239; x_wconf 84' lang='lat' dir='ltr'>fici</span> <span class='ocrx_word' id='word_1_289' title='bbox 353 4182 547 4260; x_wconf 83' lang='lat' dir='ltr'>jusso,</span> <span class='ocrx_word' id='word_1_290' title='bbox 576 4201 715 4241; x_wconf 86' lang='lat' dir='ltr'>cum</span> <span class='ocrx_word' id='word_1_291' title='bbox 750 4182 1021 4242; x_wconf 88' lang='lat' dir='ltr'>omnibus</span> <span class='ocrx_word' id='word_1_292' title='bbox 1054 4180 1266 4262; x_wconf 89' lang='lat' dir='ltr'>copiis,</span> <span class='ocrx_word' id='word_1_293' title='bbox 1294 4186 1508 4260; x_wconf 78' lang='lat' dir='ltr'>praeter</span> <span class='ocrx_word' id='word_1_294' title='bbox 1540 4197 1649 4238; x_wconf 81' lang='lat' dir='ltr'>sex</span> <span class='ocrx_word' id='word_1_295' title='bbox 1683 4176 1978 4245; x_wconf 80' lang='lat' dir='ltr'>cohortes,</span> <span class='ocrx_word' id='word_1_296' title='bbox 2003 4194 2140 4253; x_wconf 78' lang='lat' dir='ltr'>quoe</span> 
     </span>
     <span class='ocr_line' id='line_1_39' title="bbox 242 4272 2144 4359; baseline -0.005 -21"><span class='ocrx_word' id='word_1_297' title='bbox 242 4278 392 4355; x_wconf 82' lang='lat' dir='ltr'>ponti</span> <span class='ocrx_word' id='word_1_298' title='bbox 418 4278 743 4358; x_wconf 83' lang='lat' dir='ltr'>castrisque</span> <span class='ocrx_word' id='word_1_299' title='bbox 768 4276 1041 4359; x_wconf 75' lang='lat' dir='ltr'>praesidio</span> <span class='ocrx_word' id='word_1_300' title='bbox 1064 4277 1567 4357; x_wconf 84' lang='lat' dir='ltr'>relinquebantur,</span> <span class='ocrx_word' id='word_1_301' title='bbox 1588 4272 1668 4335; x_wconf 89' lang='lat' dir='ltr'>ad</span> <span class='ocrx_word' id='word_1_302' title='bbox 1689 4272 1929 4333; x_wconf 79' lang='lat' dir='ltr'>Afranii</span> <span class='ocrx_word' id='word_1_303' title='bbox 1949 4280 2144 4331; x_wconf 75' lang='lat' dir='ltr'>castr-a</span> 
     </span>
     <span class='ocr_line' id='line_1_40' title="bbox 240 4366 2154 4456; baseline -0.005 -21"><span class='ocrx_word' id='word_1_304' title='bbox 240 4372 638 4452; x_wconf 77' lang='lat' dir='ltr'>proficiscitur,</span> <span class='ocrx_word' id='word_1_305' title='bbox 658 4374 1073 4456; x_wconf 83' lang='lat' dir='ltr'>pugnandique</span> <span class='ocrx_word' id='word_1_306' title='bbox 1098 4382 1450 4454; x_wconf 82' lang='lat' dir='ltr'>potestatem</span> <span class='ocrx_word' id='word_1_307' title='bbox 1466 4372 1734 4433; x_wconf 79' lang='lat' dir='ltr'>hostibus</span> <span class='ocrx_word' id='word_1_308' title='bbox 1751 4368 1916 4432; x_wconf 81' lang='lat' dir='ltr'>facit.</span> <span class='ocrx_word' id='word_1_309' title='bbox 1981 4366 2154 4428; x_wconf 77' lang='lat' dir='ltr'>Cum·</span> 
     </span>
    </p>
   </div>
  </div>
 </body>
</html>
