3300 5234
874 583 948 632 u
961 582 1079 633 Bm
1130 577 1293 636 0111.
1338 575 1986 634 surranumtwvu.

384 723 487 789 82.
529 723 751 787 Cetera
785 745 1021 806 quoque
1055 725 1143 787 ita
1172 725 1523 807 complexus
1562 727 1714 798 erat,
1739 733 1808 784 ut
1847 745 2038 805 neque
2063 743 2201 806 pru·

298 823 590 896 dentiam,
616 843 807 904 neque
832 824 1172 904 aequitatem
1198 823 1579 885 desiderares.
1647 822 1972 883 Publicum
1994 841 2201 900 agrum

296 941 537 982 omnem
572 919 903 991 dividebat,
933 919 1264 1001 Campano,
1292 921 1371 981 ob
1396 921 1798 1001 praesmntiam
1823 919 2094 998 reg-ionis,
2121 917 2200 978 ad

294 1018 565 1079 subsidia
590 1017 937 1098 reipublicae
959 1025 1255 1078 reservato
1278 1036 1295 1078 ι
1339 1017 1629 1098 privatum
1650 1036 1766 1076 non
1792 1016 1908 1076 nisi
1935 1035 1974 1075 a
1995 1015 2198 1076 volen-

294 1115 459 1174 tibus
478 1113 599 1174 emi
625 1113 910 1194 jubebat,
938 1132 1127 1194 neque
1150 1113 1391 1173 minoris
1417 1113 1698 1194 plurisve,
1725 1131 1904 1192 quam
1945 1113 2196 1171 aestima-

294 1220 397 1271 tus
438 1211 499 1270 in
526 1230 707 1271 censu
748 1218 923 1301 esset.
1008 1209 1341 1272 Pecuniam
1384 1219 1581 1270 autem
1629 1209 1858 1270 affatim
1890 1209 2198 1270 subminis-

290 1309 497 1368 trabat
512 1328 649 1368 cum
666 1309 995 1389 triumphus
1009 1308 1310 1389 Pompeii,
1329 1315 1455 1367 tum
1474 1327 1676 1368 recens
1690 1307 1768 1368 ab
1787 1327 1860 1368 eo
1877 1301 2202 1368 constituta

293 1403 657 1483 vectigalia3
703 1405 1078 1485 quaecivium
1102 1405 1324 1475 usibus,
1365 1424 1613 1485 quorum
1638 1411 1702 1464 et
1726 1402 2002 1485 periculis
2027 1411 2198 1484 parta

289 1499 509 1572 forent,
536 1519 655 1560 non
680 1501 968 1561 immerito
992 1499 1232 1560 dicebat
1254 1498 1534 1581 impendi.
1593 1498 1754 1572 Haec
1779 1507 2046 1560 utrumne
2063 1498 2195 1580 pla-

290 1605 459 1658 caret
476 1595 639 1668 ferri,
660 1595 921 1674 singulos
944 1596 1360 1674 interrogabat,
1381 1603 1774 1656 correcturum
1793 1595 2012 1676 siquid
2028 1615 2198 1656 secus

290 1694 579 1773 scriptum
602 1691 926 1763 videretur,
968 1701 1074 1752 aut
1102 1691 1279 1773 plane
1314 1691 1643 1754 deleturum
1685 1691 2002 1772 pollicitus.
2086 1691 2228 1751 Illi·

290 1807 433 1849 cum
476 1809 589 1848 nec
630 1789 899 1850 incusare
940 1788 1131 1866 legem
1174 1798 1430 1869 possent,
1470 1809 1593 1848 nec.
1612 1787 1752 1848 ferri
1785 1788 2032 1860 vellent,
2059 1809 2194 1870 pro-

290 1886 473 1946 misso
496 1898 797 1946 auctorem
834 1893 1103 1947 senatum
1144 1883 1293 1959 fore,
1319 1885 1584 1970 quaesitis
1614 1884 2047 1967 impedimentis
2070 1907 2195 1947 mo·

290 1981 599 2042 rabantur.

372 2083 477 2138 83.
520 2076 614 2138 At
638 2076 818 2149 Cato,
856 2098 963 2159 pro
986 2079 1261 2140 libertate
1296 2079 1513 2159 ingenii
1537 2078 1628 2139 sui
1652 2077 1874 2161 palam,
1896 2097 2030 2161 quae
2055 2099 2191 2140 sen-

284 2173 451 2245 tiret,
491 2173 825 2255 praeferens,
853 2176 1047 2255 legem
1082 2196 1199 2236 non
1239 2176 1600 2245 damnabat;
1644 2186 1906 2237 ceterum
1933 2177 2192 2256 negabat

286 2289 371 2330 ex
394 2271 487 2330 his
504 2291 639 2351 quae
663 2280 840 2333 antea
865 2273 1187 2334 constituta
1217 2281 1409 2333 essent
1430 2273 1650 2334 moveri
1675 2273 1994 2353 quicquam
2013 2292 2186 2355 opor-

282 2374 455 2426 tere:
496 2366 869 2448 ducebatque
908 2367 1160 2429 dicendo
1193 2369 1376 2441 diem,
1402 2389 1477 2430 ne
1516 2367 1720 2450 perfici
1757 2389 1848 2428 res
1871 2389 1946 2429 ea
1969 2377 2184 2450 posset.
2276 2353 2284 2368 ⁸

288 2462 537 2544 Quippe
570 2465 924 2540 sententiam
958 2472 1167 2543 rogato
1202 2465 1455 2525 senatori
1480 2464 1701 2525 licebat
1731 2465 1913 2525 etiam
1955 2465 2088 2524 aliis
2109 2465 2184 2526 de
2205 2455 2462 2572 “J-¹⁶⁸2

282 2559 485 2630 rebus,
510 2559 713 2640 quoad
736 2559 942 2632 vellet,
968 2558 1265 2621 disserere.
1325 2559 1480 2622 Tum
1501 2560 1746 2622 Caesar
1729 2581 1818 2622 rra
1835 2569 2181 2635 commotus,
2205 2586 2401 2644 Sueten

282 2655 465 2714 simul
490 2665 562 2715 ut
582 2657 793 2716 ceteris
816 2658 1104 2717 incuteret
1142 2666 1384 2728 metum,
1421 2656 1715 2718 Catonem
1742 2659 1978 2718 extrahi
2016 2660 2184 2719 curia

282 2771 391 2832 per
415 2751 703 2824 lictorem,
731 2751 1030 2834 ducique
1014 2773 1075 2813 ιιι
1094 2772 1386 2814 carcerem
1400 2755 1603 2833 jussit.
1691 2752 1856 2813 Nam
1883 2753 2050 2814 illum
2075 2755 2180 2814 tri·-
2235 2761 2368 2812 Plut.
2377 2761 2507 2812 (ἵει.

2205 2837 2258 2875 et
2277 2827 2390 2876 Cat.

281 2847 475 2908 bunos
520 2848 957 2929 appellaturum
990 2834 1282 2929 sperabat.
1366 2848 1546 2921 Cato,
1586 2848 1757 2910 nulla
1795 2869 1942 2910 voce
1983 2851 2180 2924 missa,
2161 2891 2268 2940 ,·D
2259 2905 2322 2940 o

278 2943 678 3024 sequebatur.
721 2965 915 3026 neque
940 2945 1137 3026 pauci,
1158 2945 1365 3006 relicto
1385 2955 1614 3016 senatu,
1634 2947 1878 3006 comites
1899 2947 1956 3006 ei
1977 2948 2178 3007 ibant.
2235 2955 2351 3005 Vsl.
2365 2955 2504 3008 Max.

2231 3025 2372 3070 ι..10

278 3061 535 3120 quorum
570 3041 667 3100 Μ.
694 3041 997 3112 Petreius,
1026 3043 1367 3122 objurgatus
1392 3063 1429 3103 a
1452 3042 1712 3126 Caesare,
1740 3042 1898 3122 quod
1925 3036 2246 3104 nondum¹¹
2205 3054 2322 3134 D⁶io

276 3138 457 3197 mimo
474 3147 684 3198 senatu
704 3139 1093 3210 diseederet,‘
1120 3139 1337 3212 Malo,'
1364 3140 1625 3220 ἰικῃιὶις,ι
1644 3161 1770 3200 esse
1786 3160 1922 3201 cum
1945 3139 2180 3202 Catone

276 3235 341 3292 in
365 3255 628 3306 carcere,
656 3255 837 3316 quam
862 3247 1060 3297 tecum
1088 3238 1147 3297 in
1174 3239 1380 3298 curia.'
1462 3239 1565 3298 Ob
1606 3239 1758 3298 hanc
1783 3237 2090 3308 iuvidiam,
2115 3246 2177 3299 et
2202 3245 2331 3298 Plut.

272 3335 423 3413 qnia
448 3334 683 3415 plebem
726 3355 965 3416 quoque
999 3336 1282 3415 gravatim
1322 3335 1451 3396 haec
1489 3335 1639 3397 ferre
1669 3335 2177 3396 animadverteba-

272 3439 395 3502 tur,
415 3431 649 3492 destitit
671 3431 900 3503 Caesar,
936 3433 1355 3514 summissoque
1394 3434 1627 3494 tribuno
1653 3433 1846 3514 plebis
1879 3433 2178 3494 dimitten-3

270 3526 421 3588 dum
450 3527 745 3590 Catonem
769 3531 1015 3591 curavit.

356 3631 464 3684 84.
506 3625 603 3685 Eo
642 3634 929 3706 tempore,
964 3645 1100 3686 cum
1138 3635 1405 3686 senatum
1444 3626 1725 3697 mitteret,
1775 3625 1945 3687 laetus
1982 3627 2173 3687 conti·
2197 3641 2312 3692 Dio.

270 3721 433 3800 gine
459 3743 635 3802 quem
670 3728 980 3805 optaverat
1018 3723 1096 3784 ad
1133 3724 1365 3804 plebem
1402 3745 1467 3786 se
1506 3723 1848 3806 applicandi
1891 3723 2170 3804 colorem,

268 3818 391 3878 hoc
434 3826 681 3904 tantum⁸
704 3820 968 3899 adjecit:
1026 3829 1046 3858 ‘
1079 3821 1375 3902 Equidem
1411 3843 1519 3883 voe
1559 3831 1621 3882 et
1646 3820 1884 3901 judices
1923 3821 2074 3900 leg-is
2111 3831 2175 3881 et

272 3905 551 3978 auctores
584 3939 711 3979 esse
740 3913 932 3990 volui,
974 3919 1312 4000 priusquam
1350 3941 1485 3980 cum
1510 3919 1734 4002 populo
1761 3939 2014 3999 agerem,
2063 3939 2168 4000 pa-

270 4022 397 4074 tres
433 4016 789 4097 conscripti:
852 4015 957 4076 sed
998 4018 1278 4097 quoniam
1324 4019 1495 4078 vobis
1539 4026 1661 4078 tam
1704 4019 1862 4077 bona
1908 4016 2170 4076 conditio

269 4109 579 4192 displicet,
604 4121 668 4172 et
692 4134 799 4194 pro
837 4114 1059 4174 honore
1084 4133 1261 4195 quem
1286 4115 1457 4176 vobis
1480 4115 1797 4186 habebam,
1823 4121 2052 4173 tantum
2079 4113 2168 4172 in-

256 4210 460 4287 jurias
482 4210 821 4292 rependitis,
850 4231 983 4290 age,
1001 4213 1247 4291 jubebit
1279 4211 1533 4293 populus
1566 4211 1727 4293 quod
1752 4212 1808 4271 ei
1835 4210 2172 4271 videbitur)

272 4305 542 4376 Exinde,
567 4315 771 4367 senatu
798 4327 1029 4388 prorsus
1056 4308 1347 4387 neglecto,
1373 4308 1523 4369 ferre
1563 4308 1640 4369 ad
1668 4307 1948 4390 populum
1972 4306 2170 4386 coepit.

273 4401 419 4469 Quo
443 4413 641 4464 tamen
678 4406 1039 4468 honestiores
1067 4405 1309 4470 haberet
1334 4415 1626 4481 auctores,
1669 4407 1730 4467 in
1767 4404 2051 4466 concione
2079 4403 2170 4462 in-
