3300 5234
888 653 1100 704 unni
1151 653 1349 704 oxu.
1390 641 2042 708 surrnnmnuwu.
2381 641 2561 710 5258

334 794 543 858 victori
574 792 967 858 crederentur.
1050 793 1201 858 Hoc
1236 795 1391 858 illud
1424 805 1661 882 tempas
1687 795 1916 861 Hirtia
1939 799 2090 880 legis
2111 819 2236 862 ene
2293 813 2403 868 cic.
2431 817 2564 869 Phil.

334 913 481 967 reor,
504 912 629 974 qua
652 893 1018 975 Pompeiani
1040 893 1294 957 honores
1317 903 1518 978 petere
1536 898 1913 960 vetabantur.
2264 895 2390 934 ¹¹¹¹·
2414 887 2497 934 ¹⁶·

406 995 509 1051 60.
553 989 653 1051 At
688 990 913 1064 caesar,
938 991 1041 1072 qui
1078 999 1205 1052 tum
1239 1001 1368 1053 erat
1403 991 1823 1076 Alexandria,
1857 1002 2096 1055 senatus
2129 1015 2235 1076 po-

332 1089 571 1172 pulique
608 1086 877 1150 Romani
916 1090 1159 1168 cognita
1191 1090 1520 1162 voluntate,
1546 1089 1867 1163 dictatura,
1893 1110 2236 1172 quanquam
2259 1099 2384 1150 Dio.

333 1194 503 1246 extra
542 1185 792 1248 Italiam
845 1187 1082 1266 agebat,
1116 1187 1329 1248 iterum
1368 1188 1541 1260 inita,
1581 1190 1925 1268 magistrum
1969 1190 2235 1270 equitum
2293 1197 2405 1251 cie.
2427 1197 2560 1251 Phil.

336 1281 427 1342 M.
463 1281 803 1343 Antonium
838 1281 1015 1344 dixit.
1101 1280 1171 1343 Is
1210 1303 1449 1365 quoque
1488 1285 1895 1365 magistratum
1935 1305 2072 1347 enm
2109 1293 2236 1346 toto
2260 1266 2422 1377 ἓξὲξ·

331 1397 483 1439 anno
534 1380 753 1458 gessit3
794 1377 1047 1440 multum
1092 1379 1459 1459 tingentibus
1508 1383 1852 1462 auguribus,
1893 1400 2147 1463 qnorum
2198 1400 2239 1443 a
2262 1389 2452 1442 Antan.

330 1473 627 1556 plerisque
666 1475 901 1537 vanitas
952 1473 1353 1551 deridebatur,
1400 1476 1495 1538 fas
1538 1479 1599 1538 in
1644 1479 1928 1558 magistro
1969 1478 2238 1561 equitnm
2261 1455 2565 1588 2³23&-

330 1573 691 1652 negantium,
729 1570 889 1652 qnod
926 1573 987 1634 in
1020 1571 1310 1635 dictatore
1349 1576 1764 1654 probaverant.
1847 1575 1971 1636 Sed
2013 1576 2074 1635 in
2109 1573 2239 1656 ple·
2262 1583 2396 1662 Anxa
2415 1595 2469 1637 ot

328 1669 518 1752 risque
544 1669 861 1730 annalibus
884 1669 1195 1732 consulatu
1232 1671 1319 1738 Q.
1360 1671 1521 1732 Fufii
1547 1673 1633 1739 Q.
1661 1671 1738 1733 F.
1764 1672 1841 1733 c.
1869 1671 1962 1733 N.
1991 1671 2239 1745 Kneni,
2262 1650 2350 1764 ἷξε
2479 1715 2494 1730 .

330 1765 413 1828 P.
442 1765 684 1828 Vatinii
708 1764 794 1827 P.
822 1765 895 1827 F.
922 1767 1021 1827 hic
1058 1787 1247 1827 annus
1282 1775 1554 1830 notatur:
1598 1787 1943 1849 quanquam
1979 1768 2074 1829 illi
2111 1789 2238 1831 ma·
2261 1777 2396 1856 rant.
2435 1749 2453 1766 ”
2475 1732 2532 1768 m

328 1865 609 1944 gistratum
630 1864 763 1944 ejus
786 1883 999 1924 nomen
1028 1865 1149 1943 (vis
1166 1865 1321 1925 enim
1342 1885 1523 1947 penes
1542 1866 1842 1928 Caesarem
1861 1869 2017 1946 erat)
2042 1873 2238 1928 extre-
2262 1843 2384 1896 ¹²²⁰·

328 1979 429 2024 ma
448 1961 695 2022 demum
720 1961 860 2022 anni
884 1969 1053 2042 parte
1076 1964 1483 2044 receperunt!

406 2061 509 2118 61.
552 2056 861 2120 calebant
896 2059 1130 2120 interim
1155 2059 1560 2122 Alexandrini
1583 2058 1892 2132 tumultus,
1917 2068 1984 2120 et
2007 2060 2240 2121 acribus
2295 2065 2424 2116 Hirt.
2447 2067 2511 2118 (1ο

328 2157 625 2238 utrimque
652 2155 863 2216 animis
884 2176 979 2217 res
1004 2157 1333 2236 gerebatur.
1416 2157 1694 2219 Divisam
1717 2159 1779 2217 in
1806 2166 2004 2238 partes
2035 2157 2240 2218 urbem
2263 2129 2552 2249 szaeotxziv.

326 2253 461 2320 hinc
500 2252 805 2334 AEgyptii,
846 2251 987 2314 inde
1026 2251 1235 2314 Caesar
1281 2256 1513 2334 magnis
1556 2255 1833 2336 operibus
1879 2257 2236 2316 communie·
2265 2277 2351 2313 ιιι.

326 2349 509 2410 bant:
550 2357 620 2409 et
657 2350 737 2412 ab
778 2351 1065 2431 utrisque,
1102 2349 1261 2412 unde
1306 2359 1603 2433 poterant,
1638 2351 1870 2413 auxilia
1907 2352 2237 2413 ciebantur.

326 2443 516 2528 Apud
544 2445 845 2507 Caesarem
888 2446 1085 2507 adhuc
1110 2447 1485 2509 Ptolemaeus
1522 2457 1678 2520 erat,
1703 2448 2100 2530 intentiusque
2123 2469 2240 2510 ser·
2265 2424 2479 2542 ³¹:2⁸1*

328 2543 609 2615 vabatur,
648 2544 699 2603 si
722 2542 875 2604 nibil
901 2542 1087 2617 aliud,
1114 2541 1389 2605 solatium
1414 2543 1696 2605 vindicta
1723 2545 2076 2625 proebitums
2107 2565 2238 2627 per-
2263 2555 2392 2607 ca.
2441 2523 2458 2542 ⁸

330 2640 491 2708 eunti
519 2661 538 2710 3
614 2649 795 2722 atque
848 2641 1083 2702 interim
1145 2661 1383 2703 suorum
1432 2641 1662 2702 animos
1713 2641 1811 2704 vel
1871 2642 2242 2703 miseratione
2263 2620 2382 2670 ¹³¹⁰·

330 2737 607 2819 periculi,
646 2737 745 2801 vel
790 2739 1143 2802 auctoritate
1192 2739 1445 2800 nominis
1482 2737 1764 2800 flexurus.
1846 2736 2042 2818 Igitur
2079 2747 2144 2801 et
2183 2741 2244 2800 in

328 2834 692 2916 superiorem
737 2833 937 2896 locum
990 2835 1309 2917 productus
1356 2837 1690 2918 increpavit
1737 2835 2075 2908 audaciam,
2124 2856 2242 2898 non

328 2938 533 2994 contra
562 2951 631 2991 se
662 2931 878 3003 minus,
904 2951 1085 3012 quam
1122 2931 1423 2994 Caesarem
1460 2932 1774 2993 ferentium
1813 2953 2004 3006 arma,
2030 2933 2243 3014 jussit·

330 3047 443 3106 que
468 3047 715 3109 ponere.
793 3035 813 3063 ⁴
833 3026 969 3088 Sibi
993 3029 1149 3088 enim
1177 3029 1401 3110 optime
1424 3029 1738 3090 convenire
1762 3049 1900 3091 cum
1927 3029 2244 3102 Romanis,

328 3145 569 3207 suaeque
598 3123 909 3204 dignitatis
932 3135 995 3186 et
1018 3126 1246 3204 imperii
1268 3124 1501 3188 firmum
1526 3134 1870 3208 certumque
1904 3125 2244 3208 prasidinm

329 3219 544 3284 habere
582 3223 647 3282 in
682 3223 948 3284 amicitia
989 3223 1290 3284 Caesaris!
1371 3223 1469 3283 At
1500 3222 1593 3283 illi
1632 3244 1751 3284 non
1783 3230 1908 3284 tam
1931 3225 2118 3285 verba
2151 3223 2243 3284 lc-

330 3320 561 3400 quentis
605 3339 785 3400 quam
826 3328 1095 3402 tempora
1134 3321 1533 3402 respicientes,
1570 3329 1634 3382 et
1673 3322 1862 3400 magis
1890 3319 2038 3402 quid
2059 3320 2244 3394 velle,

332 3436 511 3498 quam
554 3415 702 3497 quid
752 3416 951 3479 dicere
992 3417 1310 3490 videretur,
1356 3417 1505 3478 nihil
1554 3417 1794 3478 remissa
1841 3419 2242 3489 contumacia,

329 3511 667 3574 institerunt
688 3515 917 3594 coeptis.

408 3617 511 3672 62.
554 3609 665 3672 Ne
702 3631 859 3672 mors
894 3611 1135 3693 quidem
1160 3611 1429 3674 Achillae
1471 3609 1652 3674 finem
1684 3620 1791 3673 aut
1821 3631 2046 3672 moram
2079 3609 2244 3671 bello

332 3706 556 3778 attulit,
614 3729 793 3788 qnem
859 3717 1199 3789 suspectum
1248 3709 1621 3789 invisumque
1673 3729 1782 3790 per
1829 3705 2244 3788 Ganymedem
2269 3717 2398 3770 Hirt.
2421 3715 2539 3766 Dio.

330 3805 652 3886 occupavit
676 3804 957 3877 Arsinoe,
982 3806 1433 3886 percussorique
1456 3805 1771 3886 imperium
1795 3805 2105 3885 copiarum
2125 3811 2246 3863 tra-

330 3897 502 3964 didit.
590 3900 801 3981 Atque
828 3900 951 3972 ille,
973 3899 1261 3963 militibus
1280 3901 1595 3981 largitione
1622 3901 1899 3982 placatis,
1927 3900 2088 3960 haud
2113 3919 2244 3980 seg·
2271 3913 2400 3968 Birt.

332 3995 481 4058 niter
532 3997 947 4058 administrare
995 3997 1220 4060 bellum
1286 4017 1473 4070 orsus,
1538 3999 1922 4078 aquationem
1987 3996 2247 4057 adimere

336 4089 567 4154 θωπί
608 4113 843 4173 magnoe
886 4094 1061 4156 molis
1104 4095 1382 4175 operibus
1420 4095 1694 4156 instituit.
1775 4093 1918 4155 Jam
1957 4100 2095 4153 ante
2141 4093 2246 4173 qni
2269 4111 2540 4164 Pinna..

330 4190 709 4269 pertinebant
748 4191 807 4250 in
850 4191 1071 4270 regiam
1112 4190 1499 4272 aquaeductus
1534 4191 1850 4272 interrupti
1889 4191 1967 4250 ab
1991 4188 2249 4250 Achilla
2269 4177 2400 4229 Hirt.

290 4313 299 4322 ·
335 4285 607 4348 fuerant:
648 4287 754 4348 sed
776 4287 1025 4348 aderant
1047 4308 1259 4370 specus
1288 4297 1355 4350 et
1382 4287 1569 4369 putei,
1595 4287 1778 4360 unde,
1807 4287 1952 4348 licet
1977 4293 2246 4366 anguste,

339 4381 597 4446 Caesaris
616 4387 859 4474 milites,
878 4407 987 4468 pro
1004 4387 1276 4468 praesenti
1296 4395 1497 4446 tamen
1522 4386 1872 4448 necessitate
1893 4385 2038 4446 sat'n
2061 4402 2248 4464 aqua·

888 4499 912 4524 ⁰
948 4499 1013 4552 A.
1036 4501 1106 4552 U.
1129 4501 1193 4552 C.
1215 4505 1331 4556 705.
1362 4499 1431 4551 A.
1452 4501 1513 4552 C·
1533 4500 1619 4549 n.
