3300 5234
705 507 881 578 5058
1681 525 1753 574 τ.
1797 481 1998 574 ιινιι
2115 495 2126 510 “

1036 665 1177 729 Nec
1204 667 1361 728 enim
1400 665 1654 730 crimine
1689 674 1795 728 aut
1829 675 2198 730 accusatores
2229 663 2328 727 vel
2371 663 2600 745 Magno
2629 661 2932 744 Pompeio

1031 765 1303 836 deerant,
1322 785 1374 826 si
1356 763 1627 844 judicia
1649 763 1762 826 rite
1785 773 1850 825 et
1873 764 2058 826 libere
2081 771 2516 826 exemerentur.

742 867 835 917 Va!
846 867 993 918 Max.
1050 907 1057 916 .
1112 869 1216 923 24.
1258 861 1485 943 Neque
1505 860 1942 923 dissimulatum
1981 861 2098 923 hoc
2121 881 2160 921 a
2187 859 2304 922 Cn»
2330 859 2578 931 Pisone,
2600 859 2710 939 qui
2737 855 2934 917 Mani-

712 949 790 984 “·
808 938 859 984 ²·
881 937 931 984 ⁴·
1032 960 1181 1020 lium
1228 957 1507 1048 Crispum
1548 979 1854 1030 accusans,
1889 979 2027 1020 cum
2065 957 2371 1018 evidenter
2391 975 2554 1017 reum
2573 975 2620 1016 a
2643 953 2938 1035 Pompeio

1033 1057 1263 1120 videret
1282 1057 1455 1138 eripi,
1471 1055 1736 1136 juvenili
1761 1057 2092 1118 temeritate
2115 1055 2310 1116 multa
2329 1054 2574 1114 crimina
2591 1052 2936 1134 praepotenti

1032 1154 1327 1216 defensori
1354 1153 1598 1232 objecit.
1661 1152 1772 1214 Ad
1797 1153 1928 1214 haec
1950 1173 2090 1213 cum
2113 1150 2446 1233 Pompeius
2467 1150 2736 1220 dixisset,
2777 1147 2939 1208 ‘Cur

1034 1251 1213 1330 igitur
1238 1271 1333 1310 me
1359 1271 1597 1330 quoque
1632 1269 1750 1310 non
1776 1269 2020 1310 accusas
2035 1249 2080 1309 P
2121 1245 2498 1329 Respondit:
2543 1255 2561 1283 ‘
2592 1245 2697 1307 Da
2717 1243 2940 1326 praedes

1038 1347 1400 1429 reipublicae,
1428 1356 1511 1418 te,
1536 1347 1587 1406 si
1614 1345 1950 1427 postulatus
1971 1346 2175 1418 fueris,
2217 1344 2400 1408 civile
2429 1343 2656 1406 bellum
2681 1363 2792 1404 nou
2825 1360 2938 1402 ex-

1035 1446 1393 1506 citaturum.
1375 1464 1392 1480 ·
1434 1445 1617 1506 etiam
1642 1444 1720 1505 de
1745 1451 1852 1505 tuo
1873 1445 2057 1525 prius,
2083 1463 2264 1524 quam
2287 1444 2366 1504 de
2393 1440 2636 1502 Manilii
2659 1441 2851 1552 capite
2878 1441 2942 1500 in

1037 1541 1349 1606 eonsilium
1380 1540 1621 1622 judices
1650 1541 1927 1602 mittam-²
2010 1538 2344 1602 Laudanda
2379 1548 2578 1600 tamen
2619 1547 2712 1600 ost
2743 1539 2804 1598 in
2848 1537 2942 1598 his

752 1649 865 1699 val.
882 1648 999 1698 Mu
1002 1638 1324 1720 .Pompeii
1348 1637 1698 1710 moderatio,
1735 1638 1842 1718 qui
1885 1638 2064 1698 etism
2103 1635 2436 1698 infimorum
2479 1635 2772 1696 hominum
2795 1654 2942 1696 con-

718 1731 793 1764 ¹·
814 1719 867 1764 ²·
882 1719 999 1766 ιθ·
1043 1735 1199 1796 vicia
1233 1734 1491 1796 civiliter
1528 1735 1690 1806 tulit,
1719 1735 1778 1795 in
1805 1735 2022 1816 quibus
2047 1743 2112 1794 et
2138 1731 2432 1796 Helvium
2459 1731 2762 1794 Manciam
2793 1731 2942 1793 For-

748 1843 854 1892 Cie.
874 1844 937 1892 de
1042 1833 1333 1904 mianum,
1375 1831 1637 1892 libertini
1677 1830 1894 1902 filium,
1941 1830 2502 1913 importunissimum
2541 1849 2758 1901 senen,
2805 1837 2868 1889 et
2903 1849 2946 1888 a

718 1909 881 2024 ἓξὲξ·
904 1913 987 1960 ⁶⁵·
1032 1909 1350 2008 juventute
1392 1908 1740 2007 magnorum
1785 1907 2043 1988 virorum
2081 1927 2418 1988 inimicitius
2459 1928 2690 1988 rabiosa
2719 1925 2944 1987 dicaci-

720 2039 1021 2096 Quinuvxx.
1045 2034 1169 2087 tate
1194 2045 1514 2107 provocare
1538 2024 1802 2085 solitum.

1126 2127 1229 2182 25.
1268 2121 1439 2182 Talis
1465 2121 1798 2201 Pompeius
1823 2128 1950 2181 tum
1973 2129 2126 2192 erat,
2149 2141 2288 2182 cum
2312 2119 2548 2200 legibus
2565 2120 2952 2182 constitueret

721 2235 865 2298 Pigh.
880 2233 1013 2286 Anu.
1043 2219 1389 2280 civitatem:
1431 2238 1512 2279 ex
1538 2217 1756 2298 quibus
1780 2237 1918 2298 quae
1951 2217 2030 2278 de
2065 2216 2394 2299 parricidiis
2426 2216 2565 2289 fuit,
2600 2217 2770 2278 hodie
2791 2237 2946 2297 quo-

723 2331 841 2384 ni..
1046 2335 1167 2397 que
1190 2315 1313 2376 vim
1349 2314 1615 2394 aliquam
1657 2313 1924 2384 obtinet:
1965 2323 2184 2376 cetsrae
2207 2314 2616 2378 exoleverunt.
2691 2313 2762 2375 N
2765 2335 2862 2376 am
2885 2324 2952 2376 et

1045 2413 1123 2476 de
1160 2412 1387 2473 ambitu
1430 2409 1674 2482 tulerat,
1719 2418 1902 2472 aucta
1939 2409 2320 2489 largitionum
2363 2431 2560 2492 poena,
2585 2431 2734 2492 quas
2773 2431 2950 2472 nemo

1044 2509 1269 2572 fecerat
1314 2507 1734 2590 impudentius.
1819 2507 2163 2569 Sumtuaria
2203 2528 2342 2569 cum
2381 2516 2536 2568 esset
2557 2509 2952 2589 promulgata,

1045 2605 1317 2668 celeriter
1359 2603 1647 2676 concidit,
1693 2603 2028 2665 Hortensio
2065 2605 2348 2686 speciosis
2374 2606 2718 2666 'nominibus
2749 2613 2954 2667 tinente

990 2727 997 2737 ’
1046 2702 1281 2774 luxum,
1326 2701 1712 2782 consulesque
1749 2702 1907 2781 ipsos
1945 2699 2249 2773 laudante,
2293 2710 2312 2738 ⁶
2337 2688 2502 2782 quod
2537 2702 2702 2764 cultu
2729 2710 2957 2764 sumtu-

993 2843 1012 2854 .
1048 2821 1167 2880 que
1192 2797 1493 2880 mugnifici
1511 2807 1574 2859 et
1598 2797 1773 2869 lauti,
1793 2797 1978 2859 vitam
1993 2799 2446 2860 convenientem
2471 2801 2768 2880 majestati
2794 2801 2957 2880 prin-

1051 2897 1201 2978 cipis
1214 2895 1445 2977 populi,
1470 2912 1710 2975 meque
1737 2894 2000 2974 ipsorum
2019 2895 2296 2974 dignitati
2312 2916 2384 2958 ac
2403 2897 2614 2978 opibus
2635 2896 2970 2976 degerent?

762 3023 893 3074 Ptin.
918 3037 999 3072 xx.
1134 3000 1235 3054 26.
1276 2992 1363 3054 Et
1388 3000 1730 3073 pervaserat
1765 3012 1843 3053 ea
1879 2997 2230 3076 tempestato
2261 2995 2322 3054 in
2351 3014 2558 3056 omnes
2594 2995 2777 3056 ferme
2801 2995 2960 3056 into-

728 3089 815 3143 64·
1054 3089 1317 3152 letabilis
1340 3089 1541 3160 luxus,
1568 3089 1858 3170 multique
1885 3089 2144 3151 civitatis
2169 3091 2465 3172 principes
2489 3093 2638 3152 mira
2658 3100 2958 3152 sumtuum

1054 3186 1282 3247 insania
1302 3186 1676 3248 notabantur.
1759 3187 2058 3269 Philippi,
2088 3185 2426 3260 Hortensii,
2455 3189 2717 3261 Luculli,
2739 3190 2962 3251 decora

763 3309 869 3360 cic
891 3311 953 3358 nd
1054 3293 1119 3344 et
1144 3293 1489 3344 ornamenta
1512 3293 1774 3356 senatus,
1799 3284 1950 3345 luxu
1975 3277 2357 3348 diffluebsnt:
2399 3307 2550 3367 quos
2587 3287 2666 3348 ob
2691 3287 2960 3348 insanum

733 3377 895 3426 Atta.
921 3381 998 3426 19
1057 3381 1115 3440 in
1142 3380 1250 3440 has
1274 3381 1527 3462 ineptius
1550 3381 1810 3442 studium
1855 3391 1874 3418 ⁴
1901 3383 2244 3463 piscinarios
2263 3383 2281 3412 '
2323 3404 2537 3445 vocare
2563 3383 2778 3446 Cicero
2797 3383 2958 3444 'sole-

732 3449 785 3488 ⁶‘
807 3457 870 3492 ¹¹·
898 3445 944 3494 ¹·
1056 3479 1186 3549 bat,
1214 3486 1232 3514 ι
1262 3477 1481 3558 negligi
1521 3499 1642 3561 pm
1685 3479 1778 3540 his
1815 3481 2280 3561 rempublicam’
2317 3501 2590 3562 arguens,
2635 3493 2654 3520 ε
2683 3483 2826 3544 dun
2867 3482 2962 3558 illi

1056 3577 1352 3659 principes
1374 3577 1563 3656 digito
1588 3578 1803 3639 eoelum
1828 3587 2042 3661 putant
2056 3580 2085 3610 ²
2109 3581 2420 3660 attingere,
2444 3582 2496 3643 si
2528 3582 2698 3644 mulli
2721 3583 2963 3644 barbuti

1058 3675 1123 3734 in
1148 3673 1388 3755 piscinis
1412 3675 1551 3746 sint,
1579 3677 1682 3755 qui
1712 3675 1790 3735 ad
1815 3696 2058 3737 manum
2083 3677 2420 3738 accedant!

744 3805 989 3855 -Mscrob
1140 3777 1241 3836 2¹7.
1286 3771 1550 3851 Eratque
1586 3773 1977 3834 inveteratum
2008 3773 2122 3833 hoc
2159 3773 2404 3847 malum,
2429 3784 2494 3836 et
2516 3774 2646 3854 lege
2681 3775 2969 3840 Cornelia

734 3871 837 3919 Sat.
860 3887 921 3920 u.
945 3875 1027 3922 ιε.
1058 3868 1349 3928 sumtibus
1367 3869 1556 3947 magis
1580 3889 1760 3949 quam
1784 3869 1956 3929 luxui
1982 3870 2338 3942 detractum,
2365 3874 2662 3954 permissis
2695 3875 2964 3935 ciborum

1059 3962 1313 4036 deliciis,
1334 3974 1397 4025 et
1422 3966 1648 4028 minore
1668 3974 1902 4026 tantum
1929 3967 2108 4026 rebus
2131 3967 2440 4029 venalibus
2464 3970 2736 4070 imposito
2756 3971 2964 4051 pretio.

1062 4059 1367 4120 AEmiliam
1405 4061 1621 4121 deinde
1657 4062 1850 4140 legem
1895 4063 2108 4144 Lepidi
2151 4065 2427 4136 consulis,
2469 4050 2661 4172 primo
2705 4067 2970 4148 pravitas

1064 4161 1342 4230 auctoris,
1368 4169 1574 4240 postea
1596 4160 1910 4222 calamitas
1933 4165 2276 4226 enervavit.
2321 4165 2574 4227 Antium
2600 4189 2638 4228 a
2645 4164 2968 4229 Restione

1130 4329 1163 4375 2
1196 4325 1377 4376 Patent
1402 4328 1467 4375 hs
1472 4325 1598 4376 bent
1625 4328 1746 4378 edd·
1767 4329 1942 4394 quaeli.
1966 4339 2089 4379 aute
2119 4333 2276 4382 Crev.
2307 4341 2365 4384 et
2385 4349 2504 4386 mox
2527 4336 2668 4386 multi
2691 4351 2788 4402 pru
2809 4338 2965 4388 nulli.

1066 4391 1133 4442 ln
1155 4392 1237 4441 ed·
1259 4393 1397 4443 Cler-
1418 4393 1686 4445 invenitur
1705 4395 1840 4444 nulli
1863 4402 1982 4460 post
1997 4399 2150 4448 multi.
