3300 5234
748 559 931 642 ‘5112
1729 591 1800 642 τ.
1845 591 2040 680 mvn

1085 733 1313 796 ambitu
1352 733 1783 816 postulabatur.
1869 733 2066 816 Igitur
2105 736 2230 817 ipse
2257 737 2422 808 venit
2455 733 2535 796 ad
2571 735 2830 798 tribuna
2861 735 2990 798 Do-

1086 831 1279 901 mitiig
1320 851 1363 892 a
1397 832 1706 914 Torquato
1741 853 1846 914 per
1889 833 1983 894 M.
2011 832 2373 894 Marcellum
2413 835 2690 906 obtinuit,
2717 855 2792 894 ne
2832 836 2993 916 prius

1085 947 1327 988 causam
1354 930 1431 990 de
1456 932 1686 990 ambitu
1713 930 1962 1000 diceret,
1989 951 2168 1010 quam
2193 939 2352 992 esset
2371 929 2448 990 de
2474 932 2534 992 vi
2547 932 2910 1009 judicatum.

1166 1033 1267 1088 38.
1308 1027 1349 1087 J
1350 1028 1549 1088 udicio
1566 1029 1910 1100 constituto,
1927 1047 2064 1089 cum
2089 1029 2280 1110 prima
2295 1029 2396 1089 die
2415 1028 2764 1110 productum
2785 1039 2996 1090 mm

962 1129 971 1140 '
1086 1123 1163 1184 C.
1186 1123 1521 1186 Cassiaium
1538 1125 1843 1197 Scholam,
1859 1126 1964 1206 qui
1981 1145 2047 1186 se
2059 1145 2196 1186 cum
2211 1125 2434 1186 Clodio
2449 1125 2652 1197 fuisse,
2667 1147 2804 1186 cum
2827 1128 2877 1186 is
2893 1147 2994 1186 oc-

1080 1220 1239 1281 cisus
1260 1230 1433 1292 esset,
1462 1221 1729 1291 dicebat,
1761 1221 1854 1281 M.
1879 1221 2208 1282 Marcellus
2225 1228 2272 1264 ⁹·
2295 1223 2718 1301 interrogaret;
2761 1231 2993 1282 tantum

1084 1317 1386 1379 Clodiana
1408 1318 1728 1380 multitudo
1751 1319 2048 1380 excitavit
2083 1317 2424 1390 tuinultum,
2453 1329 2526 1379 ut
2545 1319 2756 1379 ultima
2781 1320 2996 1380 timens

1084 1415 1435 1488 Marcellus,
1472 1418 1533 1478 in
1559 1415 1886 1477 tribunale
1913 1414 2184 1476 Domitio
2213 1416 2586 1496 reciperetur.
2673 1415 2870 1495 Igitur
2895 1416 2991 1476 M.

1086 1512 1438 1584 Marcellus,
1462 1515 1676 1595 etipse
1701 1513 1860 1573 Milo
1883 1511 2218 1594 praesidium
2243 1513 2351 1572 abs
2378 1512 2670 1584 Domitio,
2695 1513 2995 1576 Domitius

1080 1630 1123 1671 a
1147 1611 1447 1692 Pompeio
1473 1610 1867 1691 postularunt.
1953 1608 2094 1680 Ille,
2132 1628 2290 1680 cum,
2331 1609 2410 1670 ad
2451 1611 2722 1670 aerarium
2761 1611 2992 1683 sedens,

1080 1707 1292 1768 eodem
1330 1707 1589 1768 clamore
1630 1706 1842 1768 fuisset
1877 1703 2274 1789 perturbatus,
2312 1708 2581 1787 promisit
2611 1707 2904 1778 Domitio,
2931 1729 2994 1768 se
3083 1723 3093 1732 ·

1078 1803 1363 1886 postridie
1412 1823 1551 1865 cum
1602 1803 1882 1887 praesidio
1925 1803 2264 1864 affuturum.
2351 1803 2454 1864 Ita
2495 1806 2770 1884 proximo
2809 1803 2996 1866 biduo

1082 1903 1343 1982 quietius
1394 1902 1583 1963 auditi
1632 1911 1834 1962 testes.
1939 1901 2192 1962 Ultimae
2240 1903 2640 1961 testimonium
2693 1902 2993 1976 dixerunt,

794 2010 907 2059 val.
926 2009 1062 2058 Max.
1086 1999 1437 2081 Sempronia
1458 1998 1768 2070 Tuditani,
1795 1999 2044 2058 amentis
2065 1997 2226 2058 illius
2249 1997 2400 2070 fllia,
2425 2017 2624 2058 socrus
2649 1999 2732 2061 P.
2763 1999 2994 2072 Clodii,

758 2089 865 2190 32·
880 2080 1019 2187 {313-
1084 2106 1149 2158 et
1192 2117 1344 2158 uxor
1390 2095 1645 2158 Fulvia:
1687 2115 2085 2176 coronamque
2131 2093 2273 2155 fletu
2319 2095 2592 2155 muliebri
2637 2116 2994 2178 magnopere

870 2209 921 2254 o.
946 2211 1001 2252 ot
1047 2204 1546 2260 ,commovet-nt.
1632 2191 1850 2273 Igitur,
1875 2191 2114 2254 dimisso
2137 2194 2299 2254 eirca
2336 2193 2543 2256 horam
2563 2191 2858 2254 decimam
2887 2197 2994 2273 ju-

968 2348 1043 2383 m
1082 2291 1267 2363 dicio,
1288 2290 1365 2353 T.
1397 2290 1710 2352 Munatius
1737 2291 2022 2372 populum
2045 2289 2394 2350 adhortatus
2424 2299 2536 2360 est,
2580 2297 2599 2326 ‘
2619 2299 2686 2351 ut
2719 2290 2996 2372 frequens

828 2430 842 2446 .
880 2397 1060 2448 Areon.
1084 2387 1338 2459 adesset,
1364 2396 1428 2449 et
1450 2387 1611 2448 elabi
1638 2387 1934 2448 Milonem
1973 2406 2092 2446 non
2133 2395 2458 2469 pateretur,
2489 2385 2906 2468 judiciumque
2932 2399 2996 2448 et

1080 2484 1345 2546 dolorem
1368 2504 1540 2545 suum
1562 2483 1941 2545 ostenderet?

1164 2587 1263 2642 39.
1308 2580 1564 2641 Postero
1586 2580 1688 2640 die
1713 2580 2018 2640 sortitione
2043 2578 2208 2640 facta
2221 2577 2496 2658 judicum
2539 2581 2712 2640 nnius
2735 2589 2799 2639 et
2821 2589 2992 2642 octo-

1081 2678 1329 2756 ginta,⁸⁰
1354 2678 1541 2758 iisque
1564 2677 1833 2757 protinus
1855 2695 2082 2736 sessum
2107 2675 2401 2746 euntibus,
2429 2675 2676 2756 Appius
2695 2677 2905 2756 major,
2933 2687 2996 2738 et

1085 2774 1179 2834 M.
1223 2773 1549 2844 Antonius,
1596 2772 1706 2852 qui
1751 2791 1895 2832 mox
1940 2771 2180 2833 viduam
2228 2770 2426 2841 duxit,
2471 2781 2538 2832 et
2579 2771 2662 2833 P.
2707 2771 2993 2834 Valerius

790 2861 897 2914 cic.
912 2863 1044 2916 Phil.
1083 2868 1299 2950 Nepos
1341 2869 1778 2929 accusationem
1825 2869 1984 2929 boris
2039 2868 2272 2928 duabus
2319 2887 2396 2928 ex
2446 2867 2578 2946 lege
2620 2879 2990 2948 peregerunt.

754 2943 939 3042 illem.
1086 2965 1211 3026 His
1256 2985 1406 3027 unus
1446 2974 1579 3026 erat
1624 2981 2004 3046 responsurus
2037 2963 2278 3036 Cicero,
2319 2965 2508 3024 tribus
2547 2965 2786 3026 omnino
2833 2967 2992 3028 horis

779 3056 915 3169 Ῑῖῑὲῑῑ·
934 3057 1041 3108 cic.
1082 3063 1163 3122 ad
1212 3062 1531 3124 dicendum
1576 3061 1751 3124 datis.
1859 3063 2052 3142 Igitur
2097 3063 2225 3134 ille,
2261 3072 2326 3122 et
2369 3063 2664 3123 brevitate
2709 3064 2990 3144 temporis

787 3157 896 3236 cic'.
918 3199 1007 3250 1²¹⁰
1080 3161 1579 3243 circumscriptus,
1610 3169 1676 3222 et
1699 3170 1946 3241 aspectu
1969 3160 2205 3220 territus
2239 3169 2620 3232 armatorum,
2657 3179 2808 3240 quos
2829 3161 2991 3220 circa

892 3269 939 3302 ⁰·
958 3255 1011 3301 1.
1079 3257 1273 3318 forum
1318 3259 1652 3340 Pompeius
1703 3256 2096 3338 disposuerat,
2144 3275 2260 3316 non
2313 3255 2546 3326 eadem,
2603 3276 2724 3337 qua
2779 3256 2989 3318 solitus

753 3379 939 3432 Ancon.
1078 3361 1227 3426 erat,
1266 3356 1601 3416 constantia
1644 3363 1708 3414 et
1751 3352 2032 3414 facundia
2069 3371 2310 3413 causam
2351 3354 2566 3413 oravit.
2648 3351 2818 3412 Nam
2851 3372 2987 3433 quie

1080 3453 1359 3534 inscripta
1376 3473 1483 3535 pro
1502 3451 1735 3512 Milone
1755 3451 1969 3530 leg-itur
1989 3449 2298 3510 Ciceronis
2311 3451 2525 3520 oratio,
2544 3458 2750 3530 postea
2763 3452 2989 3530 scripta

1078 3559 1208 3609 est:
1255 3558 1423 3630 puto,
1450 3547 1758 3610 ostendere
1783 3547 2058 3629 cupiente
2082 3549 2336 3618 oratore,
2363 3565 2478 3607 non
2505 3566 2615 3606 sua
2637 3546 2838 3628 culpa,
2879 3547 2987 3609 sed

1077 3646 1159 3707 ob
1182 3665 1399 3706 novam
1412 3645 1778 3726 judiciorum
1806 3644 2044 3717 faciem,
2089 3645 2398 3725 variosque
2427 3652 2697 3742 terrores,
2727 3643 2988 3704 deterius

1076 3741 1383 3802 defensum
1420 3761 1585 3802 reum
1628 3740 1830 3800 fuisse.
1939 3781 1950 3792 -

1160 3845 1263 3899 40.
1305 3837 1498 3909 Nam,
1539 3837 1760 3898 clausis
1783 3844 1913 3898 tota
1941 3835 2112 3897 Urbe
2139 3835 2419 3909 tabernis,
2449 3837 2733 3897 immensa
2755 3837 2849 3898 vis
2875 3857 2982 3918 po-

1078 3934 1205 4015 puli
1230 3942 1602 3995 accurrerat:
1645 3943 1711 3994 et
1753 3932 1953 3994 dicere
1995 3933 2371 4014 incipientem
2411 3933 2678 3993 horribili
2717 3933 2982 3994 clamore

1078 4030 1361 4092 Clodiani
1388 4038 1738 4101 terruerunt,
1776 4049 1852 4090 ne
1897 4029 2154 4089 militum
2189 4027 2432 4108 quidem
2473 4028 2982 4090 circumstantium

753 4162 875 4214 Dio·
1078 4135 1235 4188 metu
1263 4127 1529 4188 cohibiti.
1596 4127 1779 4205 Ergo,
1808 4126 2086 4208 Pompeii
2101 4127 2270 4206 jussu
2291 4123 2506 4205 gladiis
2523 4125 2773 4198 eductis,
2802 4146 2980 4204 quos—

1077 4225 1240 4295 dam,
1306 4244 1415 4284 nec
1472 4233 1539 4283 ut
1592 4223 1948 4293 sauciarent,
2003 4221 2110 4282 sed
2158 4221 2282 4282 lato
2326 4221 2483 4283 ferro
2533 4231 2979 4303 percusserunt:

1075 4395 1111 4438 9
1144 4391 1221 4439 Ex
1249 4387 1437 4440 Ascua.
1460 4388 1627 4439 edidit
1650 4389 1807 4440 Crcv.
1841 4401 1940 4450 pro
1961 4393 2118 4438 antea
2139 4387 2506 4446 inventurum.
2533 4389 2715 4438 Coun
2737 4389 2981 4441 mmm.

1080 4459 1143 4504 1⁰
1178 4455 1264 4506 lta
1286 4456 1443 4508 Cres.
1460 4468 1527 4505 ex
1550 4452 1746 4507 Areon.
1808 4452 2130 4521 &pena-Mc
2147 4453 2201 4504 in
2223 4453 2348 4506 edd.
2365 4454 2550 4520 prlorr.
2570 4454 2780 4518 legitur.
