<?xml version="1.0" encoding="UTF-8"?>
<!DOCTYPE html PUBLIC "-//W3C//DTD XHTML 1.0 Transitional//EN"
    "http://www.w3.org/TR/xhtml1/DTD/xhtml1-transitional.dtd">
<html xmlns="http://www.w3.org/1999/xhtml" xml:lang="en" lang="en">
 <head>
  <title>
</title>
<meta http-equiv="Content-Type" content="text/html;charset=utf-8" />
  <meta name='ocr-system' content='tesseract 3.04.00' />
  <meta name='ocr-capabilities' content='ocr_page ocr_carea ocr_par ocr_line ocrx_word'/>
</head>
<body>
  <div class='ocr_page' id='page_1' title='image "./tliviipatavinih35unkngoog/tliviipatavinih35unkngoog_0028.png"; bbox 0 0 3300 5234; ppageno 0'>
   <div class='ocr_carea' id='block_1_1' title="bbox 3 629 9 1330">
    <p class='ocr_par' dir='ltr' id='par_1_1' title="bbox 3 629 9 1330">
     <span class='ocr_line' id='line_1_1' title="bbox 3 629 9 1330; baseline 0 0"><span class='ocrx_word' id='word_1_1' title='bbox 3 629 9 1330; x_wconf 95' lang='lat' dir='ltr'> </span> 
     </span>
    </p>
   </div>
   <div class='ocr_carea' id='block_1_2' title="bbox 751 533 2035 650">
    <p class='ocr_par' dir='ltr' id='par_1_2' title="bbox 751 533 2035 650">
     <span class='ocr_line' id='line_1_2' title="bbox 751 533 2035 650; baseline -0.002 -1"><span class='ocrx_word' id='word_1_2' title='bbox 751 584 929 649; x_wconf 77' lang='grc'><strong>4970</strong></span> <span class='ocrx_word' id='word_1_3' title='bbox 1146 533 1162 543; x_wconf 17' lang='grc' dir='ltr'>ἣ</span> <span class='ocrx_word' id='word_1_4' title='bbox 1607 574 1624 589; x_wconf 67' lang='grc'><strong>“</strong></span> <span class='ocrx_word' id='word_1_5' title='bbox 1726 600 1797 650; x_wconf 74' lang='lat' dir='ltr'>r.</span> <span class='ocrx_word' id='word_1_6' title='bbox 1844 599 2035 650; x_wconf 77' lang='lat' dir='ltr'>mvn</span> 
     </span>
    </p>
   </div>
   <div class='ocr_carea' id='block_1_3' title="bbox 753 686 2981 1018">
    <p class='ocr_par' dir='ltr' id='par_1_3' title="bbox 753 686 2981 1018">
     <span class='ocr_line' id='line_1_3' title="bbox 753 686 2977 825; baseline -0.001 -21"><span class='ocrx_word' id='word_1_7' title='bbox 753 736 970 804; x_wconf 65' lang='lat' dir='ltr'>Appia.</span> <span class='ocrx_word' id='word_1_8' title='bbox 1077 750 1206 802; x_wconf 89' lang='lat' dir='ltr'>tum</span> <span class='ocrx_word' id='word_1_9' title='bbox 1239 738 1494 803; x_wconf 85' lang='lat' dir='ltr'>adduxit</span> <span class='ocrx_word' id='word_1_10' title='bbox 1526 743 1783 822; x_wconf 82' lang='lat' dir='ltr'>integras</span> <span class='ocrx_word' id='word_1_11' title='bbox 1806 686 2221 825; x_wconf 74' lang='lat' dir='ltr'><strong>septingentae.</strong></span> <span class='ocrx_word' id='word_1_12' title='bbox 2298 738 2653 803; x_wconf 72' lang='lat' dir='ltr'>&#39;transvexit</span> <span class='ocrx_word' id='word_1_13' title='bbox 2674 746 2739 799; x_wconf 91' lang='lat' dir='ltr'>et</span> <span class='ocrx_word' id='word_1_14' title='bbox 2764 738 2977 801; x_wconf 80' lang='lat' dir='ltr'>sellam</span> 
     </span>
     <span class='ocr_line' id='line_1_4' title="bbox 1079 836 2981 919; baseline -0.001 -20"><span class='ocrx_word' id='word_1_15' title='bbox 1079 858 1152 899; x_wconf 85' lang='lat' dir='ltr'>ac</span> <span class='ocrx_word' id='word_1_16' title='bbox 1191 848 1486 919; x_wconf 78' lang='lat' dir='ltr'><strong>sceptrum</strong></span> <span class='ocrx_word' id='word_1_17' title='bbox 1531 838 1930 912; x_wconf 85' lang='lat' dir='ltr'>Mithridatis,</span> <span class='ocrx_word' id='word_1_18' title='bbox 1968 858 2105 901; x_wconf 91' lang='lat' dir='ltr'>cum</span> <span class='ocrx_word' id='word_1_19' title='bbox 2135 836 2325 917; x_wconf 82' lang='lat' dir='ltr'>effigie</span> <span class='ocrx_word' id='word_1_20' title='bbox 2362 836 2524 897; x_wconf 87' lang='lat' dir='ltr'>illius</span> <span class='ocrx_word' id='word_1_21' title='bbox 2548 856 2728 897; x_wconf 85' lang='lat' dir='ltr'>aurea</span> <span class='ocrx_word' id='word_1_22' title='bbox 2750 837 2981 897; x_wconf 82' lang='lat' dir='ltr'>cubito—</span> 
     </span>
     <span class='ocr_line' id='line_1_5' title="bbox 1075 933 2979 1018; baseline 0 -23"><span class='ocrx_word' id='word_1_23' title='bbox 1075 954 1205 996; x_wconf 86' lang='lat' dir='ltr'>rum</span> <span class='ocrx_word' id='word_1_24' title='bbox 1227 943 1388 1007; x_wconf 90' lang='lat' dir='ltr'>octo,</span> <span class='ocrx_word' id='word_1_25' title='bbox 1413 956 1752 1018; x_wconf 88' lang='lat' dir='ltr'>quanquam</span> <span class='ocrx_word' id='word_1_26' title='bbox 1777 956 1897 998; x_wconf 87' lang='lat' dir='ltr'>non</span> <span class='ocrx_word' id='word_1_27' title='bbox 1935 944 2117 1008; x_wconf 87' lang='lat' dir='ltr'>totus,</span> <span class='ocrx_word' id='word_1_28' title='bbox 2141 933 2247 996; x_wconf 88' lang='lat' dir='ltr'>sed</span> <span class='ocrx_word' id='word_1_29' title='bbox 2273 943 2507 1015; x_wconf 78' lang='lat' dir='ltr'>pectore</span> <span class='ocrx_word' id='word_1_30' title='bbox 2533 942 2701 993; x_wconf 88' lang='lat' dir='ltr'>tenus</span> <span class='ocrx_word' id='word_1_31' title='bbox 2734 952 2979 1015; x_wconf 81' lang='lat' dir='ltr'>expres-</span> 
     </span>
    </p>
   </div>
   <div class='ocr_carea' id='block_1_4' title="bbox 1074 1029 3109 1113">
    <p class='ocr_par' dir='ltr' id='par_1_4' title="bbox 1074 1029 3109 1113">
     <span class='ocr_line' id='line_1_6' title="bbox 1074 1029 3109 1113; baseline 0 -23"><span class='ocrx_word' id='word_1_32' title='bbox 1074 1051 1174 1091; x_wconf 86' lang='lat' dir='ltr'>sus</span> <span class='ocrx_word' id='word_1_33' title='bbox 1219 1042 1387 1103; x_wconf 70' lang='lat' dir='ltr'>eratg</span> <span class='ocrx_word' id='word_1_34' title='bbox 1461 1033 1721 1113; x_wconf 81' lang='lat' dir='ltr'>itemque</span> <span class='ocrx_word' id='word_1_35' title='bbox 1768 1042 2023 1093; x_wconf 85' lang='lat' dir='ltr'>statuam</span> <span class='ocrx_word' id='word_1_36' title='bbox 2075 1038 2411 1110; x_wconf 70' lang='lat' dir='ltr'>argenteam</span> <span class='ocrx_word' id='word_1_37' title='bbox 2463 1029 2820 1101; x_wconf 86' lang='lat' dir='ltr'>Pharnacis,</span> <span class='ocrx_word' id='word_1_38' title='bbox 2870 1030 2979 1111; x_wconf 77' lang='lat' dir='ltr'>qui</span> <span class='ocrx_word' id='word_1_39' title='bbox 3096 1032 3109 1047; x_wconf 87' lang='grc'><strong>”</strong></span> 
     </span>
    </p>
   </div>
   <div class='ocr_carea' id='block_1_5' title="bbox 782 1128 2977 1208">
    <p class='ocr_par' dir='ltr' id='par_1_5' title="bbox 782 1128 2977 1208">
     <span class='ocr_line' id='line_1_7' title="bbox 782 1128 2977 1208; baseline -0.001 -18"><span class='ocrx_word' id='word_1_40' title='bbox 782 1149 912 1198; x_wconf 68' lang='lat' dir='ltr'>Ptin</span> <span class='ocrx_word' id='word_1_41' title='bbox 1074 1128 1296 1208; x_wconf 88' lang='lat' dir='ltr'>primus</span> <span class='ocrx_word' id='word_1_42' title='bbox 1317 1130 1586 1208; x_wconf 86' lang='lat' dir='ltr'>regnavit</span> <span class='ocrx_word' id='word_1_43' title='bbox 1610 1130 1673 1189; x_wconf 90' lang='lat' dir='ltr'>in</span> <span class='ocrx_word' id='word_1_44' title='bbox 1700 1128 1938 1198; x_wconf 87' lang='lat' dir='ltr'>Ponto,</span> <span class='ocrx_word' id='word_1_45' title='bbox 1921 1149 1937 1165; x_wconf 94' lang='lat'><strong>·</strong></span> <span class='ocrx_word' id='word_1_46' title='bbox 1982 1147 2303 1207; x_wconf 87' lang='lat' dir='ltr'>currusque</span> <span class='ocrx_word' id='word_1_47' title='bbox 2330 1147 2539 1187; x_wconf 87' lang='lat' dir='ltr'>aureos</span> <span class='ocrx_word' id='word_1_48' title='bbox 2562 1134 2627 1187; x_wconf 91' lang='lat' dir='ltr'>et</span> <span class='ocrx_word' id='word_1_49' title='bbox 2648 1134 2977 1203; x_wconf 84' lang='lat' dir='ltr'>argenteos.</span> 
     </span>
    </p>
   </div>
   <div class='ocr_carea' id='block_1_6' title="bbox 746 1220 2979 1403">
    <p class='ocr_par' dir='ltr' id='par_1_6' title="bbox 746 1220 2979 1403">
     <span class='ocr_line' id='line_1_8' title="bbox 749 1220 2979 1330; baseline -0.002 -43"><span class='ocrx_word' id='word_1_50' title='bbox 749 1220 1050 1330; x_wconf 52' lang='grc' dir='ltr'>*Ριξζῐῐχξὲ</span> <span class='ocrx_word' id='word_1_51' title='bbox 1075 1223 1382 1285; x_wconf 87' lang='lat' dir='ltr'>Arborum</span> <span class='ocrx_word' id='word_1_52' title='bbox 1405 1226 1588 1286; x_wconf 87' lang='lat' dir='ltr'>etiam</span> <span class='ocrx_word' id='word_1_53' title='bbox 1613 1244 1830 1303; x_wconf 87' lang='lat' dir='ltr'>genera</span> <span class='ocrx_word' id='word_1_54' title='bbox 1854 1234 1979 1285; x_wconf 89' lang='lat' dir='ltr'>tum</span> <span class='ocrx_word' id='word_1_55' title='bbox 2004 1224 2254 1306; x_wconf 88' lang='lat' dir='ltr'>primum</span> <span class='ocrx_word' id='word_1_56' title='bbox 2290 1232 2523 1284; x_wconf 83' lang='lat' dir='ltr'>ostensa</span> <span class='ocrx_word' id='word_1_57' title='bbox 2548 1220 2791 1293; x_wconf 78' lang='lat' dir='ltr'>Romoe,</span> <span class='ocrx_word' id='word_1_58' title='bbox 2832 1222 2979 1283; x_wconf 85' lang='lat' dir='ltr'>ebe-</span> 
     </span>
     <span class='ocr_line' id='line_1_9' title="bbox 746 1316 2977 1403; baseline -0.002 -20"><span class='ocrx_word' id='word_1_59' title='bbox 746 1345 798 1393; x_wconf 73' lang='lat'><strong>⁴</strong></span> <span class='ocrx_word' id='word_1_60' title='bbox 821 1352 876 1393; x_wconf 82' lang='lat' dir='ltr'>et</span> <span class='ocrx_word' id='word_1_61' title='bbox 901 1349 984 1397; x_wconf 75' lang='lat'>25</span> <span class='ocrx_word' id='word_1_62' title='bbox 1073 1341 1204 1393; x_wconf 90' lang='lat' dir='ltr'>nus,</span> <span class='ocrx_word' id='word_1_63' title='bbox 1244 1341 1422 1401; x_wconf 90' lang='lat' dir='ltr'>quam</span> <span class='ocrx_word' id='word_1_64' title='bbox 1461 1322 1594 1382; x_wconf 87' lang='lat' dir='ltr'>sola</span> <span class='ocrx_word' id='word_1_65' title='bbox 1620 1322 1773 1382; x_wconf 84' lang='lat' dir='ltr'>ferre</span> <span class='ocrx_word' id='word_1_66' title='bbox 1810 1322 2133 1403; x_wconf 85' lang='lat' dir='ltr'>putabatur</span> <span class='ocrx_word' id='word_1_67' title='bbox 2173 1320 2389 1392; x_wconf 77' lang='lat' dir='ltr'>India3</span> <span class='ocrx_word' id='word_1_68' title='bbox 2434 1330 2520 1393; x_wconf 87' lang='lat' dir='ltr'>et,</span> <span class='ocrx_word' id='word_1_69' title='bbox 2548 1320 2649 1381; x_wconf 85' lang='lat' dir='ltr'>uni</span> <span class='ocrx_word' id='word_1_70' title='bbox 2675 1316 2977 1399; x_wconf 85' lang='lat' dir='ltr'>quondam</span> 
     </span>
    </p>
   </div>
   <div class='ocr_carea' id='block_1_7' title="bbox 1073 1418 2311 1492">
    <p class='ocr_par' dir='ltr' id='par_1_7' title="bbox 1073 1418 2311 1492">
     <span class='ocr_line' id='line_1_10' title="bbox 1073 1418 2311 1492; baseline 0 -15"><span class='ocrx_word' id='word_1_71' title='bbox 1073 1426 1357 1478; x_wconf 85' lang='lat' dir='ltr'>terrarum</span> <span class='ocrx_word' id='word_1_72' title='bbox 1375 1418 1417 1479; x_wconf 83' lang='lat' dir='ltr'><strong>J</strong></span> <span class='ocrx_word' id='word_1_73' title='bbox 1423 1419 1608 1480; x_wconf 78' lang='lat' dir='ltr'>udaeae</span> <span class='ocrx_word' id='word_1_74' title='bbox 1632 1438 1936 1492; x_wconf 88' lang='lat' dir='ltr'>concessa,</span> <span class='ocrx_word' id='word_1_75' title='bbox 1959 1418 2311 1479; x_wconf 81' lang='lat' dir='ltr'>balsamum.</span> 
     </span>
    </p>
   </div>
   <div class='ocr_carea' id='block_1_8' title="bbox 615 1498 2981 1605">
    <p class='ocr_par' dir='ltr' id='par_1_8' title="bbox 615 1498 2981 1605">
     <span class='ocr_line' id='line_1_11' title="bbox 615 1498 2981 1605; baseline -0.002 -26"><span class='ocrx_word' id='word_1_76' title='bbox 615 1498 632 1507; x_wconf 56' lang='grc'><strong>’</strong></span> <span class='ocrx_word' id='word_1_77' title='bbox 745 1536 961 1605; x_wconf 59' lang='lat' dir='ltr'>Appias</span> <span class='ocrx_word' id='word_1_78' title='bbox 1151 1522 1252 1575; x_wconf 84' lang='grc'>48.</span> <span class='ocrx_word' id='word_1_79' title='bbox 1297 1515 1465 1576; x_wconf 86' lang='lat' dir='ltr'>Inter</span> <span class='ocrx_word' id='word_1_80' title='bbox 1507 1516 1638 1577; x_wconf 80' lang='lat' dir='ltr'>haec</span> <span class='ocrx_word' id='word_1_81' title='bbox 1684 1516 1971 1577; x_wconf 83' lang='lat' dir='ltr'>innumeri</span> <span class='ocrx_word' id='word_1_82' title='bbox 2010 1536 2217 1577; x_wconf 85' lang='lat' dir='ltr'>currus</span> <span class='ocrx_word' id='word_1_83' title='bbox 2250 1514 2775 1576; x_wconf 82' lang='lat' dir='ltr'>transvehebantur</span> <span class='ocrx_word' id='word_1_84' title='bbox 2808 1530 2981 1575; x_wconf 76' lang='lat' dir='ltr'>arma</span> 
     </span>
    </p>
   </div>
   <div class='ocr_carea' id='block_1_9' title="bbox 706 1611 3033 4106">
    <p class='ocr_par' dir='ltr' id='par_1_9' title="bbox 733 1611 3033 2368">
     <span class='ocr_line' id='line_1_12' title="bbox 1071 1611 2981 1694; baseline -0.001 -20"><span class='ocrx_word' id='word_1_85' title='bbox 1071 1621 1393 1694; x_wconf 79' lang='lat' dir='ltr'>portantes,</span> <span class='ocrx_word' id='word_1_86' title='bbox 1421 1623 1486 1674; x_wconf 91' lang='lat' dir='ltr'>et</span> <span class='ocrx_word' id='word_1_87' title='bbox 1523 1614 1763 1675; x_wconf 87' lang='lat' dir='ltr'>navium</span> <span class='ocrx_word' id='word_1_88' title='bbox 1789 1622 1995 1679; x_wconf 85' lang='lat' dir='ltr'>rostra.</span> <span class='ocrx_word' id='word_1_89' title='bbox 2080 1612 2470 1694; x_wconf 79' lang='lat' dir='ltr'>Captivorum</span> <span class='ocrx_word' id='word_1_90' title='bbox 2510 1611 2728 1673; x_wconf 86' lang='lat' dir='ltr'>deinde</span> <span class='ocrx_word' id='word_1_91' title='bbox 2770 1612 2981 1691; x_wconf 74' lang='lat' dir='ltr'>ingens</span> 
     </span>
     <span class='ocr_line' id='line_1_13' title="bbox 1058 1695 2979 1792; baseline -0.001 -23"><span class='ocrx_word' id='word_1_92' title='bbox 1058 1695 1410 1781; x_wconf 70' lang='lat' dir='ltr'>multitudo,</span> <span class='ocrx_word' id='word_1_93' title='bbox 1436 1711 1560 1771; x_wconf 90' lang='lat' dir='ltr'>sine</span> <span class='ocrx_word' id='word_1_94' title='bbox 1587 1710 1863 1783; x_wconf 84' lang='lat' dir='ltr'>vinculis,</span> <span class='ocrx_word' id='word_1_95' title='bbox 1888 1710 2081 1792; x_wconf 80' lang='lat' dir='ltr'>patrio</span> <span class='ocrx_word' id='word_1_96' title='bbox 2100 1710 2307 1771; x_wconf 86' lang='lat' dir='ltr'>habitu</span> <span class='ocrx_word' id='word_1_97' title='bbox 2334 1709 2638 1789; x_wconf 81' lang='lat' dir='ltr'>cultuque.</span> <span class='ocrx_word' id='word_1_98' title='bbox 2682 1708 2979 1768; x_wconf 80' lang='lat' dir='ltr'>Proxime</span> 
     </span>
     <span class='ocr_line' id='line_1_14' title="bbox 743 1803 2977 1887; baseline -0 -23"><span class='ocrx_word' id='word_1_99' title='bbox 743 1836 876 1887; x_wconf 75' lang='lat' dir='ltr'>Plut.</span> <span class='ocrx_word' id='word_1_100' title='bbox 898 1844 951 1885; x_wconf 51' lang='grc' dir='ltr'>Β,</span> <span class='ocrx_word' id='word_1_101' title='bbox 1069 1824 1306 1865; x_wconf 88' lang='lat' dir='ltr'>currum</span> <span class='ocrx_word' id='word_1_102' title='bbox 1330 1826 1495 1885; x_wconf 89' lang='lat' dir='ltr'>reges</span> <span class='ocrx_word' id='word_1_103' title='bbox 1519 1816 1626 1867; x_wconf 88' lang='lat' dir='ltr'>aut</span> <span class='ocrx_word' id='word_1_104' title='bbox 1649 1806 1823 1869; x_wconf 90' lang='lat' dir='ltr'>liberi</span> <span class='ocrx_word' id='word_1_105' title='bbox 1842 1827 2045 1886; x_wconf 88' lang='lat' dir='ltr'>regum</span> <span class='ocrx_word' id='word_1_106' title='bbox 2071 1806 2368 1886; x_wconf 87' lang='lat' dir='ltr'>ducesque</span> <span class='ocrx_word' id='word_1_107' title='bbox 2394 1805 2581 1876; x_wconf 89' lang='lat' dir='ltr'>ibant,</span> <span class='ocrx_word' id='word_1_108' title='bbox 2598 1804 2759 1885; x_wconf 87' lang='lat' dir='ltr'>capti</span> <span class='ocrx_word' id='word_1_109' title='bbox 2784 1803 2977 1877; x_wconf 89' lang='lat' dir='ltr'>bello,</span> 
     </span>
     <span class='ocr_line' id='line_1_15' title="bbox 744 1898 2980 1979; baseline 0 -19"><span class='ocrx_word' id='word_1_110' title='bbox 744 1902 960 1967; x_wconf 73' lang='lat' dir='ltr'>Appian.</span> <span class='ocrx_word' id='word_1_111' title='bbox 1069 1910 1176 1961; x_wconf 86' lang='lat' dir='ltr'>aut</span> <span class='ocrx_word' id='word_1_112' title='bbox 1215 1901 1488 1961; x_wconf 86' lang='lat' dir='ltr'>obsidum</span> <span class='ocrx_word' id='word_1_113' title='bbox 1529 1902 1663 1963; x_wconf 92' lang='lat' dir='ltr'>loco</span> <span class='ocrx_word' id='word_1_114' title='bbox 1698 1902 1923 1965; x_wconf 88' lang='lat' dir='ltr'>traditi.</span> <span class='ocrx_word' id='word_1_115' title='bbox 2008 1900 2253 1963; x_wconf 88' lang='lat' dir='ltr'>Horum</span> <span class='ocrx_word' id='word_1_116' title='bbox 2284 1900 2653 1961; x_wconf 71' lang='lat' dir='ltr'>illustrissimi</span> <span class='ocrx_word' id='word_1_117' title='bbox 2686 1898 2980 1979; x_wconf 80' lang='lat' dir='ltr'>Tigranes</span> 
     </span>
     <span class='ocr_line' id='line_1_16' title="bbox 733 1996 2979 2081; baseline -0.001 -22"><span class='ocrx_word' id='word_1_118' title='bbox 733 2010 748 2031; x_wconf 81' lang='lat'>¹</span> <span class='ocrx_word' id='word_1_119' title='bbox 1069 2000 1278 2070; x_wconf 88' lang='lat' dir='ltr'>minor,</span> <span class='ocrx_word' id='word_1_120' title='bbox 1307 2001 1554 2080; x_wconf 87' lang='lat' dir='ltr'>ejusque</span> <span class='ocrx_word' id='word_1_121' title='bbox 1595 2002 1861 2081; x_wconf 86' lang='lat' dir='ltr'>conjunx</span> <span class='ocrx_word' id='word_1_122' title='bbox 1894 2008 1957 2061; x_wconf 89' lang='lat' dir='ltr'>et</span> <span class='ocrx_word' id='word_1_123' title='bbox 1995 1998 2146 2070; x_wconf 85' lang='lat' dir='ltr'>filia,</span> <span class='ocrx_word' id='word_1_124' title='bbox 2182 2008 2247 2059; x_wconf 89' lang='lat' dir='ltr'>et</span> <span class='ocrx_word' id='word_1_125' title='bbox 2270 1998 2473 2077; x_wconf 90' lang='lat' dir='ltr'>regina</span> <span class='ocrx_word' id='word_1_126' title='bbox 2500 1998 2761 2069; x_wconf 80' lang='lat' dir='ltr'>zosime,</span> <span class='ocrx_word' id='word_1_127' title='bbox 2786 1996 2979 2077; x_wconf 85' lang='lat' dir='ltr'>patris</span> 
     </span>
     <span class='ocr_line' id='line_1_17' title="bbox 1067 2093 2975 2177; baseline 0 -24"><span class='ocrx_word' id='word_1_128' title='bbox 1067 2094 1342 2174; x_wconf 74' lang='lat' dir='ltr'>Tigranis</span> <span class='ocrx_word' id='word_1_129' title='bbox 1377 2115 1568 2156; x_wconf 87' lang='lat' dir='ltr'>uxor:</span> <span class='ocrx_word' id='word_1_130' title='bbox 1610 2105 1677 2157; x_wconf 88' lang='lat' dir='ltr'>et</span> <span class='ocrx_word' id='word_1_131' title='bbox 1710 2096 2139 2177; x_wconf 86' lang='lat' dir='ltr'>Artapherues,</span> <span class='ocrx_word' id='word_1_132' title='bbox 2166 2094 2505 2175; x_wconf 81' lang='lat' dir='ltr'>Cyrusque,</span> <span class='ocrx_word' id='word_1_133' title='bbox 2546 2101 2613 2154; x_wconf 90' lang='lat' dir='ltr'>et</span> <span class='ocrx_word' id='word_1_134' title='bbox 2646 2093 2975 2165; x_wconf 74' lang='lat' dir='ltr'>Oxathres,</span> 
     </span>
     <span class='ocr_line' id='line_1_18' title="bbox 1067 2188 2975 2271; baseline -0.001 -20"><span class='ocrx_word' id='word_1_135' title='bbox 1067 2202 1131 2251; x_wconf 87' lang='lat' dir='ltr'>et</span> <span class='ocrx_word' id='word_1_136' title='bbox 1153 2210 1290 2251; x_wconf 89' lang='lat' dir='ltr'>cum</span> <span class='ocrx_word' id='word_1_137' title='bbox 1317 2191 1510 2252; x_wconf 88' lang='lat' dir='ltr'>Dario</span> <span class='ocrx_word' id='word_1_138' title='bbox 1536 2192 1809 2263; x_wconf 85' lang='lat' dir='ltr'>Xerxes,</span> <span class='ocrx_word' id='word_1_139' title='bbox 1836 2210 2179 2271; x_wconf 87' lang='lat' dir='ltr'>sororesque</span> <span class='ocrx_word' id='word_1_140' title='bbox 2198 2210 2403 2251; x_wconf 89' lang='lat' dir='ltr'>eorum</span> <span class='ocrx_word' id='word_1_141' title='bbox 2429 2188 2747 2251; x_wconf 74' lang='lat' dir='ltr'>Orsabaris</span> <span class='ocrx_word' id='word_1_142' title='bbox 2760 2197 2824 2249; x_wconf 90' lang='lat' dir='ltr'>et</span> <span class='ocrx_word' id='word_1_143' title='bbox 2844 2188 2975 2249; x_wconf 88' lang='lat' dir='ltr'>Eu·-</span> 
     </span>
     <span class='ocr_line' id='line_1_19' title="bbox 1065 2285 3033 2368; baseline -0.002 -21"><span class='ocrx_word' id='word_1_144' title='bbox 1065 2297 1260 2368; x_wconf 87' lang='lat' dir='ltr'>patra,</span> <span class='ocrx_word' id='word_1_145' title='bbox 1315 2287 1693 2349; x_wconf 86' lang='lat' dir='ltr'>Mithridatis</span> <span class='ocrx_word' id='word_1_146' title='bbox 1736 2289 1928 2349; x_wconf 90' lang='lat' dir='ltr'>liberi.</span> <span class='ocrx_word' id='word_1_147' title='bbox 2012 2287 2138 2349; x_wconf 85' lang='lat' dir='ltr'>Sed</span> <span class='ocrx_word' id='word_1_148' title='bbox 2178 2296 2242 2348; x_wconf 88' lang='lat' dir='ltr'>et</span> <span class='ocrx_word' id='word_1_149' title='bbox 2284 2285 2577 2348; x_wconf 82' lang='lat' dir='ltr'>Olthaces</span> <span class='ocrx_word' id='word_1_150' title='bbox 2621 2285 2972 2360; x_wconf 77' lang='lat' dir='ltr'>ducebatur,</span> <span class='ocrx_word' id='word_1_151' title='bbox 3030 2322 3033 2325; x_wconf 73' lang='grc'><em>·</em></span> 
     </span>
    </p>

    <p class='ocr_par' dir='ltr' id='par_1_10' title="bbox 706 2382 2975 3045">
     <span class='ocr_line' id='line_1_20' title="bbox 771 2382 2975 2479; baseline 0 -36"><span class='ocrx_word' id='word_1_152' title='bbox 771 2414 836 2465; x_wconf 65' lang='lat' dir='ltr'>J„</span> <span class='ocrx_word' id='word_1_153' title='bbox 807 2418 974 2479; x_wconf 66' lang='lat' dir='ltr'>oneph</span> <span class='ocrx_word' id='word_1_154' title='bbox 1067 2385 1170 2464; x_wconf 90' lang='lat' dir='ltr'>qui</span> <span class='ocrx_word' id='word_1_155' title='bbox 1197 2385 1258 2444; x_wconf 89' lang='lat' dir='ltr'>in</span> <span class='ocrx_word' id='word_1_156' title='bbox 1281 2384 1532 2445; x_wconf 80' lang='lat' dir='ltr'>Colchis</span> <span class='ocrx_word' id='word_1_157' title='bbox 1568 2394 1952 2465; x_wconf 72' lang='lat' dir='ltr'>regnaverat:</span> <span class='ocrx_word' id='word_1_158' title='bbox 1994 2392 2059 2445; x_wconf 88' lang='lat' dir='ltr'>et</span> <span class='ocrx_word' id='word_1_159' title='bbox 2079 2382 2429 2444; x_wconf 82' lang='lat' dir='ltr'>Judaeorum</span> <span class='ocrx_word' id='word_1_160' title='bbox 2452 2402 2557 2443; x_wconf 83' lang='lat' dir='ltr'>rex</span> <span class='ocrx_word' id='word_1_161' title='bbox 2584 2382 2975 2443; x_wconf 82' lang='lat' dir='ltr'>Aristobulus</span> 
     </span>
     <span class='ocr_line' id='line_1_21' title="bbox 739 2479 2973 2564; baseline 0 -23"><span class='ocrx_word' id='word_1_162' title='bbox 739 2479 863 2529; x_wconf 75' lang='lat' dir='ltr'>Ant.</span> <span class='ocrx_word' id='word_1_163' title='bbox 886 2498 999 2531; x_wconf 61' lang='grc' dir='ltr'>ΣΠ·</span> <span class='ocrx_word' id='word_1_164' title='bbox 1065 2500 1202 2541; x_wconf 92' lang='lat' dir='ltr'>cum</span> <span class='ocrx_word' id='word_1_165' title='bbox 1230 2480 1539 2561; x_wconf 82' lang='lat' dir='ltr'>Antigono</span> <span class='ocrx_word' id='word_1_166' title='bbox 1580 2480 1731 2554; x_wconf 86' lang='lat' dir='ltr'>filio,</span> <span class='ocrx_word' id='word_1_167' title='bbox 1768 2491 1832 2543; x_wconf 90' lang='lat' dir='ltr'>et</span> <span class='ocrx_word' id='word_1_168' title='bbox 1872 2480 2089 2564; x_wconf 79' lang='lat' dir='ltr'>puellis</span> <span class='ocrx_word' id='word_1_169' title='bbox 2129 2480 2379 2546; x_wconf 86' lang='lat' dir='ltr'>duabus.</span> <span class='ocrx_word' id='word_1_170' title='bbox 2464 2480 2775 2541; x_wconf 64' lang='lat' dir='ltr'>Praeterea</span> <span class='ocrx_word' id='word_1_171' title='bbox 2816 2480 2973 2547; x_wconf 88' lang='lat' dir='ltr'>Cili·-</span> 
     </span>
     <span class='ocr_line' id='line_1_22' title="bbox 739 2546 2971 2664; baseline 0.001 -26"><span class='ocrx_word' id='word_1_172' title='bbox 739 2550 865 2659; x_wconf 51' lang='grc' dir='ltr'>ῗζιὲῗ</span> <span class='ocrx_word' id='word_1_173' title='bbox 883 2546 1032 2664; x_wconf 47' lang='lat'>2⁰5⁰</span> <span class='ocrx_word' id='word_1_174' title='bbox 1047 2596 1202 2638; x_wconf 90' lang='lat' dir='ltr'>cum</span> <span class='ocrx_word' id='word_1_175' title='bbox 1237 2580 1477 2661; x_wconf 80' lang='lat' dir='ltr'>tyranni</span> <span class='ocrx_word' id='word_1_176' title='bbox 1513 2588 1576 2640; x_wconf 89' lang='lat' dir='ltr'>et</span> <span class='ocrx_word' id='word_1_177' title='bbox 1611 2580 2023 2661; x_wconf 83' lang='lat' dir='ltr'>archipiratae:</span> <span class='ocrx_word' id='word_1_178' title='bbox 2068 2576 2429 2659; x_wconf 79' lang='lat' dir='ltr'>Scytharum</span> <span class='ocrx_word' id='word_1_179' title='bbox 2460 2578 2639 2656; x_wconf 82' lang='lat' dir='ltr'>regiae</span> <span class='ocrx_word' id='word_1_180' title='bbox 2660 2578 2971 2640; x_wconf 83' lang='lat' dir='ltr'>mulieres:</span> 
     </span>
     <span class='ocr_line' id='line_1_23' title="bbox 706 2672 2972 2787; baseline -0.001 -49"><span class='ocrx_word' id='word_1_181' title='bbox 706 2735 715 2745; x_wconf 81' lang='grc'><strong>,</strong></span> <span class='ocrx_word' id='word_1_182' title='bbox 739 2672 959 2787; x_wconf 61' lang='grc' dir='ltr'>ΛΡῙξὶω·</span> <span class='ocrx_word' id='word_1_183' title='bbox 1065 2684 1183 2735; x_wconf 87' lang='lat' dir='ltr'>tres</span> <span class='ocrx_word' id='word_1_184' title='bbox 1208 2675 1540 2749; x_wconf 87' lang='lat' dir='ltr'>Iberorum,</span> <span class='ocrx_word' id='word_1_185' title='bbox 1569 2676 1691 2737; x_wconf 87' lang='lat' dir='ltr'>duo</span> <span class='ocrx_word' id='word_1_186' title='bbox 1718 2677 2099 2738; x_wconf 88' lang='lat' dir='ltr'>Albanorum</span> <span class='ocrx_word' id='word_1_187' title='bbox 2126 2675 2339 2744; x_wconf 78' lang='lat' dir='ltr'>duces:</span> <span class='ocrx_word' id='word_1_188' title='bbox 2366 2674 2803 2755; x_wconf 86' lang='lat' dir='ltr'>earundemque</span> <span class='ocrx_word' id='word_1_189' title='bbox 2828 2694 2972 2754; x_wconf 84' lang='lat' dir='ltr'>gen-</span> 
     </span>
     <span class='ocr_line' id='line_1_24' title="bbox 769 2740 2975 2851; baseline 0 -21"><span class='ocrx_word' id='word_1_190' title='bbox 769 2748 792 2787; x_wconf 66' lang='lat'>‘</span> <span class='ocrx_word' id='word_1_191' title='bbox 852 2740 943 2800; x_wconf 55' lang='grc' dir='ltr'>ω’</span> <span class='ocrx_word' id='word_1_192' title='bbox 1063 2771 1235 2842; x_wconf 86' lang='lat' dir='ltr'>tium,</span> <span class='ocrx_word' id='word_1_193' title='bbox 1273 2781 1335 2833; x_wconf 89' lang='lat' dir='ltr'>et</span> <span class='ocrx_word' id='word_1_194' title='bbox 1363 2773 1755 2851; x_wconf 79' lang='lat' dir='ltr'>Commageni</span> <span class='ocrx_word' id='word_1_195' title='bbox 1792 2772 1943 2851; x_wconf 87' lang='lat' dir='ltr'>regis</span> <span class='ocrx_word' id='word_1_196' title='bbox 1980 2771 2255 2832; x_wconf 84' lang='lat' dir='ltr'>obsides:</span> <span class='ocrx_word' id='word_1_197' title='bbox 2301 2772 2559 2851; x_wconf 73' lang='lat' dir='ltr'>itemque</span> <span class='ocrx_word' id='word_1_198' title='bbox 2590 2770 2975 2833; x_wconf 74' lang='lat' dir='ltr'>Laodicensis</span> 
     </span>
     <span class='ocr_line' id='line_1_25' title="bbox 1067 2865 2969 2950; baseline 0.002 -24"><span class='ocrx_word' id='word_1_199' title='bbox 1067 2866 1418 2941; x_wconf 84' lang='lat' dir='ltr'>Menander,</span> <span class='ocrx_word' id='word_1_200' title='bbox 1472 2870 1578 2949; x_wconf 90' lang='lat' dir='ltr'>qui</span> <span class='ocrx_word' id='word_1_201' title='bbox 1627 2868 1943 2950; x_wconf 80' lang='lat' dir='ltr'>praefectus</span> <span class='ocrx_word' id='word_1_202' title='bbox 2002 2868 2269 2949; x_wconf 88' lang='lat' dir='ltr'>equitum</span> <span class='ocrx_word' id='word_1_203' title='bbox 2330 2865 2703 2943; x_wconf 80' lang='lat' dir='ltr'>Mithridatis</span> <span class='ocrx_word' id='word_1_204' title='bbox 2752 2866 2969 2929; x_wconf 81' lang='lat' dir='ltr'>fuerat.</span> 
     </span>
     <span class='ocr_line' id='line_1_26' title="bbox 1065 2961 2973 3045; baseline 0.001 -23"><span class='ocrx_word' id='word_1_205' title='bbox 1065 2961 1423 3025; x_wconf 78' lang='lat' dir='ltr'>Absentiam</span> <span class='ocrx_word' id='word_1_206' title='bbox 1459 2985 1698 3045; x_wconf 89' lang='lat' dir='ltr'>quoque</span> <span class='ocrx_word' id='word_1_207' title='bbox 1732 2966 2041 3044; x_wconf 86' lang='lat' dir='ltr'>imagines,</span> <span class='ocrx_word' id='word_1_208' title='bbox 2065 2962 2459 3044; x_wconf 84' lang='lat' dir='ltr'>Tigranisque</span> <span class='ocrx_word' id='word_1_209' title='bbox 2494 2982 2567 3024; x_wconf 87' lang='lat' dir='ltr'>ac</span> <span class='ocrx_word' id='word_1_210' title='bbox 2596 2962 2973 3025; x_wconf 86' lang='lat' dir='ltr'>Mithridatis</span> 
     </span>
    </p>

    <p class='ocr_par' dir='ltr' id='par_1_11' title="bbox 735 3060 2976 3432">
     <span class='ocr_line' id='line_1_27' title="bbox 1063 3060 2969 3144; baseline 0.002 -26"><span class='ocrx_word' id='word_1_211' title='bbox 1063 3080 1292 3141; x_wconf 86' lang='lat' dir='ltr'>pugnas</span> <span class='ocrx_word' id='word_1_212' title='bbox 1326 3070 1388 3122; x_wconf 88' lang='lat' dir='ltr'>et</span> <span class='ocrx_word' id='word_1_213' title='bbox 1425 3060 1628 3123; x_wconf 85' lang='lat' dir='ltr'>clades</span> <span class='ocrx_word' id='word_1_214' title='bbox 1668 3062 1901 3142; x_wconf 82' lang='lat' dir='ltr'>pictura</span> <span class='ocrx_word' id='word_1_215' title='bbox 1937 3061 2418 3144; x_wconf 78' lang='lat' dir='ltr'>repraesentabat.</span> <span class='ocrx_word' id='word_1_216' title='bbox 2504 3060 2789 3120; x_wconf 89' lang='lat' dir='ltr'>Omnium</span> <span class='ocrx_word' id='word_1_217' title='bbox 2824 3062 2969 3122; x_wconf 79' lang='lat' dir='ltr'>item</span> 
     </span>
     <span class='ocr_line' id='line_1_28' title="bbox 739 3156 2973 3254; baseline 0 -37"><span class='ocrx_word' id='word_1_218' title='bbox 739 3200 810 3250; x_wconf 88' lang='lat' dir='ltr'>Di</span> <span class='ocrx_word' id='word_1_219' title='bbox 791 3216 857 3251; x_wconf 87' lang='lat' dir='ltr'>o</span> <span class='ocrx_word' id='word_1_220' title='bbox 907 3202 996 3251; x_wconf 83' lang='lat' dir='ltr'>Plu</span> <span class='ocrx_word' id='word_1_221' title='bbox 1001 3212 1038 3254; x_wconf 47' lang='lat' dir='ltr'>t·</span> <span class='ocrx_word' id='word_1_222' title='bbox 1061 3156 1420 3237; x_wconf 83' lang='lat' dir='ltr'>praeliorum,</span> <span class='ocrx_word' id='word_1_223' title='bbox 1444 3158 1661 3238; x_wconf 84' lang='lat' dir='ltr'>quibus</span> <span class='ocrx_word' id='word_1_224' title='bbox 1684 3178 1789 3238; x_wconf 88' lang='lat' dir='ltr'>per</span> <span class='ocrx_word' id='word_1_225' title='bbox 1814 3178 1877 3218; x_wconf 89' lang='lat' dir='ltr'>se</span> <span class='ocrx_word' id='word_1_226' title='bbox 1897 3157 2195 3239; x_wconf 84' lang='lat' dir='ltr'>legatosve</span> <span class='ocrx_word' id='word_1_227' title='bbox 2211 3157 2401 3217; x_wconf 85' lang='lat' dir='ltr'>victor</span> <span class='ocrx_word' id='word_1_228' title='bbox 2420 3156 2726 3225; x_wconf 79' lang='lat' dir='ltr'>extiterat,</span> <span class='ocrx_word' id='word_1_229' title='bbox 2746 3156 2973 3217; x_wconf 56' lang='lat' dir='ltr'>tabulae</span> 
     </span>
     <span class='ocr_line' id='line_1_29' title="bbox 735 3251 2969 3337; baseline -0 -22"><span class='ocrx_word' id='word_1_230' title='bbox 735 3275 789 3315; x_wconf 72' lang='lat' dir='ltr'>et</span> <span class='ocrx_word' id='word_1_231' title='bbox 822 3266 1034 3332; x_wconf 77' lang='lat' dir='ltr'>Appim.</span> <span class='ocrx_word' id='word_1_232' title='bbox 1061 3253 1363 3315; x_wconf 76' lang='lat' dir='ltr'>antelatae.</span> <span class='ocrx_word' id='word_1_233' title='bbox 1447 3254 1817 3315; x_wconf 87' lang='lat' dir='ltr'>Mithridatis</span> <span class='ocrx_word' id='word_1_234' title='bbox 1834 3256 2130 3337; x_wconf 79' lang='lat' dir='ltr'>praecipue</span> <span class='ocrx_word' id='word_1_235' title='bbox 2148 3262 2443 3335; x_wconf 85' lang='lat' dir='ltr'>postrema</span> <span class='ocrx_word' id='word_1_236' title='bbox 2460 3251 2712 3323; x_wconf 91' lang='lat' dir='ltr'>obsidio,</span> <span class='ocrx_word' id='word_1_237' title='bbox 2737 3261 2801 3313; x_wconf 89' lang='lat' dir='ltr'>et</span> <span class='ocrx_word' id='word_1_238' title='bbox 2824 3272 2969 3314; x_wconf 88' lang='lat' dir='ltr'>noc-</span> 
     </span>
     <span class='ocr_line' id='line_1_30' title="bbox 1061 3348 2976 3432; baseline 0 -23"><span class='ocrx_word' id='word_1_239' title='bbox 1061 3357 1236 3409; x_wconf 83' lang='lat' dir='ltr'>tuma</span> <span class='ocrx_word' id='word_1_240' title='bbox 1258 3348 1422 3428; x_wconf 81' lang='lat' dir='ltr'>fuga,</span> <span class='ocrx_word' id='word_1_241' title='bbox 1457 3350 1564 3410; x_wconf 88' lang='lat' dir='ltr'>sed</span> <span class='ocrx_word' id='word_1_242' title='bbox 1595 3359 1662 3410; x_wconf 89' lang='lat' dir='ltr'>et</span> <span class='ocrx_word' id='word_1_243' title='bbox 1694 3352 1891 3412; x_wconf 86' lang='lat' dir='ltr'>exitus</span> <span class='ocrx_word' id='word_1_244' title='bbox 1925 3351 2326 3432; x_wconf 87' lang='lat' dir='ltr'>spectabatur,</span> <span class='ocrx_word' id='word_1_245' title='bbox 2362 3348 2732 3428; x_wconf 85' lang='lat' dir='ltr'>virginesque</span> <span class='ocrx_word' id='word_1_246' title='bbox 2764 3350 2976 3409; x_wconf 75' lang='lat' dir='ltr'>mortis</span> 
     </span>
    </p>

    <p class='ocr_par' dir='ltr' id='par_1_12' title="bbox 1063 3439 2967 3527">
     <span class='ocr_line' id='line_1_31' title="bbox 1063 3439 2967 3527; baseline -0.001 -20"><span class='ocrx_word' id='word_1_247' title='bbox 1063 3453 1322 3525; x_wconf 68' lang='lat' dir='ltr'>paternae</span> <span class='ocrx_word' id='word_1_248' title='bbox 1359 3448 1622 3507; x_wconf 81' lang='lat' dir='ltr'>comites.</span> <span class='ocrx_word' id='word_1_249' title='bbox 1710 3439 1920 3509; x_wconf 87' lang='lat' dir='ltr'>Etiam</span> <span class='ocrx_word' id='word_1_250' title='bbox 1957 3448 2319 3527; x_wconf 85' lang='lat' dir='ltr'>reliquorum</span> <span class='ocrx_word' id='word_1_251' title='bbox 2352 3447 2486 3524; x_wconf 88' lang='lat' dir='ltr'>ejus</span> <span class='ocrx_word' id='word_1_252' title='bbox 2521 3443 2775 3505; x_wconf 86' lang='lat' dir='ltr'>filiorum</span> <span class='ocrx_word' id='word_1_253' title='bbox 2807 3444 2967 3505; x_wconf 86' lang='lat' dir='ltr'>filia·-</span> 
     </span>
    </p>

    <p class='ocr_par' dir='ltr' id='par_1_13' title="bbox 1061 3539 2964 3649">
     <span class='ocr_line' id='line_1_32' title="bbox 1061 3539 2964 3649; baseline 0.001 -48"><span class='ocrx_word' id='word_1_254' title='bbox 1061 3560 1306 3649; x_wconf 76' lang='lat' dir='ltr'>rumque</span> <span class='ocrx_word' id='word_1_255' title='bbox 1343 3551 1480 3603; x_wconf 89' lang='lat' dir='ltr'>ante</span> <span class='ocrx_word' id='word_1_256' title='bbox 1507 3552 1734 3625; x_wconf 85' lang='lat' dir='ltr'>patrem</span> <span class='ocrx_word' id='word_1_257' title='bbox 1757 3552 2143 3614; x_wconf 85' lang='lat' dir='ltr'>mortuorum,</span> <span class='ocrx_word' id='word_1_258' title='bbox 2169 3562 2281 3603; x_wconf 90' lang='lat' dir='ltr'>nec</span> <span class='ocrx_word' id='word_1_259' title='bbox 2307 3560 2423 3601; x_wconf 86' lang='lat' dir='ltr'>non</span> <span class='ocrx_word' id='word_1_260' title='bbox 2456 3539 2719 3601; x_wconf 87' lang='lat' dir='ltr'>Deorum</span> <span class='ocrx_word' id='word_1_261' title='bbox 2745 3540 2964 3602; x_wconf 84' lang='lat' dir='ltr'>barba-</span> 
     </span>
    </p>

    <p class='ocr_par' dir='ltr' id='par_1_14' title="bbox 1059 3637 2097 3718">
     <span class='ocr_line' id='line_1_33' title="bbox 1059 3637 2097 3718; baseline 0.001 -21"><span class='ocrx_word' id='word_1_262' title='bbox 1059 3637 1310 3699; x_wconf 89' lang='lat' dir='ltr'>ricorum</span> <span class='ocrx_word' id='word_1_263' title='bbox 1335 3638 1557 3718; x_wconf 51' lang='lat' dir='ltr'>effigies</span> <span class='ocrx_word' id='word_1_264' title='bbox 1581 3639 2097 3701; x_wconf 77' lang='lat' dir='ltr'>transferebantur.</span> 
     </span>
    </p>

    <p class='ocr_par' dir='ltr' id='par_1_15' title="bbox 1140 3692 2967 3817">
     <span class='ocr_line' id='line_1_34' title="bbox 1140 3692 2967 3817; baseline -0.001 -21"><span class='ocrx_word' id='word_1_265' title='bbox 1140 3742 1240 3796; x_wconf 86' lang='lat'>49.</span> <span class='ocrx_word' id='word_1_266' title='bbox 1281 3734 1520 3797; x_wconf 87' lang='lat' dir='ltr'>Titulus</span> <span class='ocrx_word' id='word_1_267' title='bbox 1535 3757 1771 3817; x_wconf 87' lang='lat' dir='ltr'>quoque</span> <span class='ocrx_word' id='word_1_268' title='bbox 1796 3738 2096 3799; x_wconf 83' lang='lat' dir='ltr'>visebatur</span> <span class='ocrx_word' id='word_1_269' title='bbox 2114 3692 2485 3797; x_wconf 78' lang='lat' dir='ltr'>conditarum</span> <span class='ocrx_word' id='word_1_270' title='bbox 2504 3733 2755 3795; x_wconf 88' lang='lat' dir='ltr'>urbium.</span> <span class='ocrx_word' id='word_1_271' title='bbox 2801 3734 2967 3795; x_wconf 89' lang='lat' dir='ltr'>Octo</span> 
     </span>
    </p>

    <p class='ocr_par' dir='ltr' id='par_1_16' title="bbox 1059 3826 2965 3913">
     <span class='ocr_line' id='line_1_35' title="bbox 1059 3826 2965 3913; baseline 0 -22"><span class='ocrx_word' id='word_1_272' title='bbox 1059 3832 1119 3893; x_wconf 87' lang='lat' dir='ltr'>in</span> <span class='ocrx_word' id='word_1_273' title='bbox 1145 3830 1536 3913; x_wconf 85' lang='lat' dir='ltr'>Cappadocia</span> <span class='ocrx_word' id='word_1_274' title='bbox 1562 3833 1885 3913; x_wconf 89' lang='lat' dir='ltr'>Pontoque</span> <span class='ocrx_word' id='word_1_275' title='bbox 1912 3831 2346 3894; x_wconf 77' lang='lat' dir='ltr'>aedificaverat·</span> <span class='ocrx_word' id='word_1_276' title='bbox 2378 3832 2437 3889; x_wconf 87' lang='lat' dir='ltr'>in</span> <span class='ocrx_word' id='word_1_277' title='bbox 2459 3827 2683 3890; x_wconf 89' lang='lat' dir='ltr'>Cilicia</span> <span class='ocrx_word' id='word_1_278' title='bbox 2704 3837 2767 3889; x_wconf 87' lang='lat' dir='ltr'>et</span> <span class='ocrx_word' id='word_1_279' title='bbox 2787 3826 2965 3891; x_wconf 89' lang='lat' dir='ltr'>Cava</span> 
     </span>
    </p>

    <p class='ocr_par' dir='ltr' id='par_1_17' title="bbox 1059 3926 2964 4106">
     <span class='ocr_line' id='line_1_36' title="bbox 1061 3926 2963 4010; baseline 0 -23"><span class='ocrx_word' id='word_1_280' title='bbox 1061 3926 1241 4009; x_wconf 81' lang='lat' dir='ltr'>Syria</span> <span class='ocrx_word' id='word_1_281' title='bbox 1268 3930 1519 4007; x_wconf 88' lang='lat' dir='ltr'>viginti:</span> <span class='ocrx_word' id='word_1_282' title='bbox 1565 3930 1622 3990; x_wconf 90' lang='lat' dir='ltr'>in</span> <span class='ocrx_word' id='word_1_283' title='bbox 1664 3928 1999 3993; x_wconf 73' lang='lat' dir='ltr'>Palaestina</span> <span class='ocrx_word' id='word_1_284' title='bbox 2042 3948 2280 4010; x_wconf 89' lang='lat' dir='ltr'>quoque</span> <span class='ocrx_word' id='word_1_285' title='bbox 2326 3926 2574 4007; x_wconf 90' lang='lat' dir='ltr'>aliisque</span> <span class='ocrx_word' id='word_1_286' title='bbox 2626 3926 2963 4006; x_wconf 71' lang='lat' dir='ltr'>regionibus</span> 
     </span>
     <span class='ocr_line' id='line_1_37' title="bbox 1059 4014 2964 4106; baseline 0.001 -24"><span class='ocrx_word' id='word_1_287' title='bbox 1059 4024 1410 4085; x_wconf 89' lang='lat' dir='ltr'>nonnullas.</span> <span class='ocrx_word' id='word_1_288' title='bbox 1452 4026 1510 4085; x_wconf 89' lang='lat' dir='ltr'>in</span> <span class='ocrx_word' id='word_1_289' title='bbox 1557 4014 1885 4086; x_wconf 76' lang='lat' dir='ltr'>universum</span> <span class='ocrx_word' id='word_1_290' title='bbox 1926 4023 2497 4106; x_wconf 84' lang='lat' dir='ltr'>undequadraginta.</span> <span class='ocrx_word' id='word_1_291' title='bbox 2579 4020 2785 4102; x_wconf 81' lang='lat' dir='ltr'>Reges</span> <span class='ocrx_word' id='word_1_292' title='bbox 2818 4023 2964 4083; x_wconf 89' lang='lat' dir='ltr'>victi</span> 
     </span>
    </p>
   </div>
   <div class='ocr_carea' id='block_1_10' title="bbox 1057 4259 3075 4331">
    <p class='ocr_par' dir='ltr' id='par_1_18' title="bbox 1057 4259 3075 4331">
     <span class='ocr_line' id='line_1_38' title="bbox 1057 4259 3075 4331; baseline 0 -19"><span class='ocrx_word' id='word_1_293' title='bbox 1057 4278 1168 4313; x_wconf 72' lang='lat' dir='ltr'>esse</span> <span class='ocrx_word' id='word_1_294' title='bbox 1193 4278 1334 4313; x_wconf 82' lang='lat' dir='ltr'>more</span> <span class='ocrx_word' id='word_1_295' title='bbox 1335 4280 1383 4312; x_wconf 85' lang='grc' dir='ltr'>ιιι</span> <span class='ocrx_word' id='word_1_296' title='bbox 1407 4264 1839 4329; x_wconf 77' lang='lat' dir='ltr'>dactyliothecas,</span> <span class='ocrx_word' id='word_1_297' title='bbox 1862 4263 1971 4316; x_wconf 80' lang='lat' dir='ltr'>sive</span> <span class='ocrx_word' id='word_1_298' title='bbox 2042 4264 2335 4331; x_wconf 79' lang='lat' dir='ltr'>Rycquius,</span> <span class='ocrx_word' id='word_1_299' title='bbox 2361 4260 2493 4313; x_wconf 88' lang='lat' dir='ltr'>libro</span> <span class='ocrx_word' id='word_1_300' title='bbox 2516 4259 2581 4312; x_wconf 84' lang='lat' dir='ltr'>de</span> <span class='ocrx_word' id='word_1_301' title='bbox 2606 4260 2782 4326; x_wconf 82' lang='lat' dir='ltr'>Capit</span> <span class='ocrx_word' id='word_1_302' title='bbox 2804 4271 2853 4313; x_wconf 81' lang='grc' dir='ltr'>ο.</span> <span class='ocrx_word' id='word_1_303' title='bbox 2872 4264 2961 4313; x_wconf 76' lang='lat'>22.</span> <span class='ocrx_word' id='word_1_304' title='bbox 3064 4320 3075 4327; x_wconf 43' lang='grc'>,</span> 
     </span>
    </p>
   </div>
   <div class='ocr_carea' id='block_1_11' title="bbox 1055 4302 2184 4462">
    <p class='ocr_par' dir='ltr' id='par_1_19' title="bbox 1055 4302 2184 4462">
     <span class='ocr_line' id='line_1_39' title="bbox 1055 4302 2184 4392; baseline 0.002 -13"><span class='ocrx_word' id='word_1_305' title='bbox 1055 4331 1246 4379; x_wconf 75' lang='lat' dir='ltr'>annulo</span> <span class='ocrx_word' id='word_1_306' title='bbox 1250 4343 1306 4377; x_wconf 84' lang='lat' dir='ltr'>ru</span> <span class='ocrx_word' id='word_1_307' title='bbox 1341 4332 1593 4392; x_wconf 63' lang='lat' dir='ltr'>ithacus,</span> <span class='ocrx_word' id='word_1_308' title='bbox 1630 4348 1695 4381; x_wconf 87' lang='lat' dir='ltr'>co</span> <span class='ocrx_word' id='word_1_309' title='bbox 1700 4346 1847 4381; x_wconf 72' lang='lat' dir='ltr'>nsecr</span> <span class='ocrx_word' id='word_1_310' title='bbox 1823 4302 1970 4381; x_wconf 58' lang='lat' dir='ltr'>laudi</span> <span class='ocrx_word' id='word_1_311' title='bbox 2044 4332 2184 4381; x_wconf 77' lang='lat' dir='ltr'>Crev-</span> 
     </span>
     <span class='ocr_line' id='line_1_40' title="bbox 1059 4394 1967 4462; baseline 0.002 -19"><span class='ocrx_word' id='word_1_312' title='bbox 1059 4394 1111 4443; x_wconf 81' lang='grc' dir='ltr'>ἰιι</span> <span class='ocrx_word' id='word_1_313' title='bbox 1167 4394 1373 4459; x_wconf 73' lang='lat' dir='ltr'>templis</span> <span class='ocrx_word' id='word_1_314' title='bbox 1425 4396 1724 4462; x_wconf 70' lang='lat' dir='ltr'>suspicatur</span> <span class='ocrx_word' id='word_1_315' title='bbox 1782 4396 1967 4451; x_wconf 69' lang='lat' dir='ltr'>Juutus</span> 
     </span>
    </p>
   </div>
  </div>
 </body>
</html>
