3300 5234
766 534 947 604 ⁵1oe
1739 552 1808 603 τ.
1857 512 2086 601 mvn¹

1096 694 1389 757 beneficio
1429 697 1797 776 astringeret,
1839 698 2052 777 viginti
2097 694 2288 759 millia
2319 697 2686 779 captivorum
2718 694 2997 769 reddidit,

1094 812 1231 855 cum
1256 814 1335 854 ex
1362 793 1497 854 aliis
1520 794 1756 876 populis
1779 795 2016 875 singula
2049 796 2272 876 capita,
2311 802 2440 855 toto
2462 797 2755 867 exercitu,
2781 795 3001 876 praedoe

1094 894 1329 953 nomine
1352 892 1666 953 divisisset.
1749 893 2014 975 Propter
2039 893 2146 953 bas
2171 914 2264 953 res
2289 911 2328 952 a
2353 892 2594 953 Caesare
2619 902 2836 972 gestas,
2867 890 2999 953 Ro-

1094 1010 1209 1051 mae
1232 991 1587 1071 supplicatio
1611 990 1842 1051 dierum
1867 992 2078 1071 viginti
2102 990 2346 1051 decreta
2369 1000 2479 1051 est.

764 1093 876 1143 nv.
900 1092 1031 1157 Epit-
1176 1094 1238 1149 9.
1281 1088 1411 1149 Sub
1432 1086 1589 1149 idem
1612 1090 2260 1169 tempus'irrumpentes
2281 1090 2344 1148 in
2373 1087 2609 1169 Syriam
2629 1088 2896 1149 Parthos
2921 1088 2999 1149 C.

770 1158 1073 1274 gsshhw·
1096 1184 1362 1256 Cassius,
1402 1186 1509 1265 qui
1546 1184 1639 1245 M.
1685 1184 1888 1245 Crassi
1929 1194 2188 1265 quaestor
2225 1184 2439 1256 fuerat,
2477 1184 2730 1245 feliciter
2763 1186 3000 1265 repulit.

1097 1280 1253 1353 Hic,
1282 1280 1477 1342 adhuc
1506 1284 1643 1343 vivo
1669 1280 1888 1343 Crasso
1907 1280 2172 1342 delatum
2197 1282 2310 1341 sibi
2337 1282 2396 1340 in
2425 1280 2869 1361 Mesopotamia
2891 1283 3000 1341 im-

1093 1380 1345 1461 perinm,
1362 1398 1473 1440 nec
1494 1388 1821 1460 receptum,
1862 1388 1995 1461 post
2017 1388 2262 1439 mortem
2287 1378 2652 1459 imperatoris
2673 1378 3001 1439 necessario

1092 1486 1428 1557 receperam
1459 1476 1768 1537 Antiocho
1791 1475 2052 1557 quodam
2077 1476 2416 1537 concitante
2443 1473 2705 1555 Syriam,
2737 1484 2803 1535 et
2841 1475 2999 1535 Par-

1092 1572 1209 1633 this
1232 1574 1403 1653 qussi
1427 1572 1714 1633 nudatam
1737 1572 1890 1633 duce
1914 1581 1978 1645 et
2003 1572 2269 1633 exercitu
2307 1572 2668 1653 provinciam
2695 1573 3000 1632 incurren-

1090 1668 1270 1730 tibus.
1354 1668 1478 1730 Sed
1502 1690 1577 1729 ea
1598 1670 1728 1751 ipsa
1752 1668 1974 1730 fiducia
1999 1668 2175 1728 saluti
2206 1668 2498 1729 Romanis
2535 1676 2600 1728 et
2632 1667 2828 1749 Syriae
2863 1668 2999 1729 fuit.

1094 1764 1340 1846 Quippe
1364 1765 1531 1827 velut
1554 1765 1633 1826 ad
1663 1765 1842 1826 facile
1875 1765 2100 1827 bellum
2139 1764 2378 1825 modica
2409 1784 2548 1825 cum
2571 1784 2754 1825 manu
2779 1764 3000 1825 Parthi

1092 1870 1417 1922 venerant.
1460 1861 1619 1924 unde
1646 1864 1842 1942 major
1873 1862 2162 1921 militibus
2175 1862 2408 1921 animus
2445 1861 2733 1932 accesit:
2771 1860 3004 1921 Cassii-

768 1971 945 2021 omm
914 1986 983 2021 η
988 1962 1070 2021 13.
1093 1978 1209 2039 que
1248 1958 1565 2038 diligentia
1602 1968 1668 2019 et
1701 1960 1918 2021 virtute
1957 1962 2217 2039 rejectus
2257 1977 2394 2019 cum
2435 1958 2610 2019 clade
2643 1959 2832 2019 hostis
2865 1969 2998 2020 est.

736 2126 739 2133 Ι
766 2036 996 2149 0¹35?-
1053 2108 1073 2149 t
1096 2054 1439 2117 Antiochus
1464 2056 1826 2119 interfectus.
1909 2056 2040 2117 Sub
2065 2056 2225 2119 idem
2249 2065 2482 2137 tempus
2509 2077 2544 2117 e
2583 2055 2826 2117 Graecia
2848 2078 2999 2117 nun-

750 2116 996 2279 ἓξὲξ
1020 2116 1050 2151 e
1094 2153 1305 2213 tiatum
1344 2161 1458 2225 est,
1490 2155 1660 2213 inter
1705 2155 1833 2235 ipsa
1869 2153 2136 2215 solennia
2176 2152 2472 2225 ludorum,
2515 2152 2788 2235 Olympii
2827 2153 3003 2214 Jovis

816 2247 859 2279 '·
942 2264 957 2279 ·
1090 2258 1373 2323 statuam,
1420 2249 1752 2311 admirandi
1794 2252 2014 2333 operis,
2059 2249 2306 2311 fulmine
2346 2250 2594 2331 petitam
2633 2270 2998 2331 percussam-

1091 2365 1209 2426 que
1232 2366 1383 2409 esse.

798 2441 893 2491 Plu
894 2450 931 2492 t·
954 2442 1069 2493 Cat.
1172 2449 1273 2503 10.
1319 2442 1450 2505 Hic
1474 2444 1658 2505 etiam
1685 2464 1874 2505 annus
1893 2443 2366 2506 consulatustres
2385 2442 2737 2505 candidatos
2752 2445 2996 2515 babuit:

762 2514 817 2557 ἰ
836 2507 957 2559 ”¹⁰⁰
1086 2538 1197 2599 sed
1222 2548 1447 2620 quanto
1480 2541 1755 2603 meliores
1779 2543 1892 2603 viri
1915 2551 2107 2613 erant,
2133 2552 2302 2603 tanto
2321 2542 2563 2603 civilius
2585 2544 2998 2621 magistratum

1089 2638 1394 2719 petebant.
1478 2637 1611 2700 Ser.
1634 2639 1936 2722 Sulpicius
1964 2638 2189 2711 Rufus,
2221 2640 2316 2701 Μ.
2345 2639 2640 2700 Claudius
2665 2638 3001 2699 Marcellus

1086 2744 1293 2811 erant:
1344 2736 1563 2816 quibus
1612 2739 1820 2797 tertius
1859 2745 2192 2797 accesserat
2236 2736 2330 2797 M.
2375 2736 2558 2809 Cato,
2602 2754 2721 2796 non
2759 2736 3002 2797 lionoris

1087 2830 1389 2912 cupidine,
1416 2832 1522 2893 sed
1546 2833 1892 2914 reipublicae
1917 2852 2062 2893 cura
2085 2832 2380 2894 adductus
2398 2833 2477 2894 ad
2500 2834 2840 2915 petendum.
2901 2834 3000 2899 Eo

1085 2928 1243 2987 enim
1270 2930 1511 3011 procedi
1538 2930 1806 3003 videbat,
1833 2938 1902 2990 ut
1937 2930 2220 3011 Pompeii
2256 2930 2630 3011 Caesarisque
2653 2952 2834 3012 supra
2867 2951 2997 2991 mo-

1084 3024 1231 3085 dum
1274 3036 1469 3087 auctoe
1508 3048 1673 3109 opes,
1717 3028 1840 3089 sive
1874 3027 2199 3088 concordes
2235 3028 2636 3108 opprimerent
2673 3028 2940 3111 rempubl
2949 3030 3000 3088 i·

1082 3137 1258 3191 ως
1306 3123 1431 3183 sive
1474 3112 1846 3195 dissidentes,
1892 3123 2074 3183 bellis
2112 3123 2390 3184 civilibus
2425 3124 2817 3186 involverent.
2903 3124 2998 3187 Ut

1086 3218 1265 3297 igitur
1288 3220 1531 3281 nimiam
1568 3221 1778 3281 horum
1811 3222 2137 3301 potentiam
2171 3220 2520 3293 destrueret,
2556 3220 2710 3305 quia'
2723 3220 2998 3304 privatus

1084 3314 1305 3376 flustra
1326 3316 1734 3389 contenderat,
1761 3318 2070 3379 consulatu
2098 3320 2212 3379 sibi
2237 3340 2388 3400 opus
2409 3340 2538 3380 esse
2561 3321 2829 3382 rebatur.

758 3424 891 3476 Plut.
1169 3419 1269 3475 11.
1312 3412 1455 3475 Nec
1492 3424 1694 3478 tamen
1749 3416 2112 3478 irascebatur
2159 3418 2645 3500 competitoribus
2677 3438 2694 3479 τ
2745 3426 2811 3479 et
2853 3438 2994 3481 cum

1086 3510 1283 3570 taxari
1312 3508 1648 3592 Sulpicium
1677 3512 1954 3585 audisset,
1981 3513 2145 3593 quod
2173 3514 2421 3575 Catonis
2445 3516 2716 3576 amicitia
2747 3536 2996 3597 provec-

1082 3616 1201 3678 tus,
1226 3606 1283 3667 ei
1308 3615 1509 3669 tamen
1536 3608 1752 3685 cedere
1775 3617 2094 3683 recusaret,
2135 3620 2154 3647 ‘
2181 3608 2330 3672 Non
2365 3618 2458 3671 est
2481 3611 2858 3684 mirandum,’
2881 3615 2992 3686 ait,

1082 3712 1103 3741 ‘
1124 3704 1197 3776 si,
1224 3702 1389 3783 quod
1404 3724 1698 3771 summum
1718 3706 1968 3787 quisque
1993 3708 2213 3768 bonum
2233 3726 2360 3768 esse
2377 3708 2706 3780 existimat,
2727 3708 2792 3769 id
2817 3709 2994 3770 alteri

1080 3798 1234 3860 nolit
1259 3800 1629 3871 concedere?
1713 3801 1966 3863 Senatui
1987 3810 2186 3864 tamen
2211 3804 2504 3885 persuasit
2519 3814 2590 3865 ut
2615 3804 2992 3867 tolleretmo-

1078 3914 1227 3967 rem,
1271 3916 1392 3977 quo
1428 3898 1748 3981 propinqui
1789 3906 1854 3965 et
1885 3899 2064 3959 amici
2106 3901 2376 3981 petitoris
2413 3921 2524 3982 pro
2564 3922 2643 3962 eo
2685 3902 2996 3963 ambibunt

1080 3994 1557 4074 prensabantque
1580 4016 1597 4065 3
1622 3995 1984 4076 juberetque
2019 3996 2342 4076 quemlibet
2375 3996 2761 4059 candidatum
2795 4018 2904 4081 per
2925 4020 2990 4060 se

1079 4096 1309 4150 tantum
1334 4099 1554 4170 petere.
1638 4090 1763 4152 Sed
1803 4112 1936 4152 eam
1971 4112 2094 4153 rem
2129 4093 2384 4175 populus
2421 4092 2794 4173 indignanter
2827 4095 2988 4169 tulit,

1080 4204 1253 4247 omne
1294 4206 1463 4247 suum
1496 4190 1603 4267 jus
1642 4208 1684 4257 a
1724 4188 1956 4249 Catone
1989 4190 2136 4270 eripi
2179 4198 2452 4270 questus3
2500 4190 2606 4273 qui
2647 4190 2876 4252 lucrum
2908 4212 2988 4252 ex

1082 4281 1467 4361 petitionibus
1493 4304 1682 4367 nuper
1715 4285 2068 4355 ademisset3
2107 4308 2260 4349 nunc
2287 4288 2491 4360 etiam,
2519 4289 2720 4349 accisa
2741 4290 2988 4370 rogandi

1083 4378 1367 4460 populum
1386 4382 1830 4456 oonmetudine,
1857 4382 2148 4449 bonorem
2161 4394 2226 4445 et
2246 4384 2516 4465 gratiam.
2581 4384 2824 4449 Idcimo
2847 4406 2988 4449 cum
