<?xml version="1.0" encoding="UTF-8"?>
<!DOCTYPE html PUBLIC "-//W3C//DTD XHTML 1.0 Transitional//EN"
    "http://www.w3.org/TR/xhtml1/DTD/xhtml1-transitional.dtd">
<html xmlns="http://www.w3.org/1999/xhtml" xml:lang="en" lang="en">
 <head>
  <title>
</title>
<meta http-equiv="Content-Type" content="text/html;charset=utf-8" />
  <meta name='ocr-system' content='tesseract 3.04.00' />
  <meta name='ocr-capabilities' content='ocr_page ocr_carea ocr_par ocr_line ocrx_word'/>
</head>
<body>
  <div class='ocr_page' id='page_1' title='image "./tliviipatavinih35unkngoog/tliviipatavinih35unkngoog_0092.png"; bbox 0 0 3300 5234; ppageno 0'>
   <div class='ocr_carea' id='block_1_1' title="bbox 1747 588 2045 639">
    <p class='ocr_par' dir='ltr' id='par_1_1' title="bbox 1747 588 2045 639">
     <span class='ocr_line' id='line_1_1' title="bbox 1747 588 2045 639; baseline -0.007 0"><span class='ocrx_word' id='word_1_1' title='bbox 1747 589 1819 639; x_wconf 78' lang='lat'><strong>&#39;1&#39;-</strong></span> <span class='ocrx_word' id='word_1_2' title='bbox 1862 588 2045 639; x_wconf 77' lang='lat' dir='ltr'><strong>mvn</strong></span> 
     </span>
    </p>
   </div>
   <div class='ocr_carea' id='block_1_2' title="bbox 1121 730 3029 913">
    <p class='ocr_par' dir='ltr' id='par_1_2' title="bbox 1121 730 3029 913">
     <span class='ocr_line' id='line_1_2' title="bbox 1121 730 3027 815; baseline -0.002 -21"><span class='ocrx_word' id='word_1_3' title='bbox 1121 734 1358 795; x_wconf 81' lang='lat' dir='ltr'><strong>interim</strong></span> <span class='ocrx_word' id='word_1_4' title='bbox 1381 734 1635 799; x_wconf 82' lang='lat' dir='ltr'><strong>hostium</strong></span> <span class='ocrx_word' id='word_1_5' title='bbox 1654 742 1919 815; x_wconf 83' lang='lat' dir='ltr'><strong>ceperat,</strong></span> <span class='ocrx_word' id='word_1_6' title='bbox 1938 732 2114 794; x_wconf 85' lang='lat' dir='ltr'><strong>missa</strong></span> <span class='ocrx_word' id='word_1_7' title='bbox 2134 733 2189 765; x_wconf 77' lang='lat'><strong>¹⁸</strong></span> <span class='ocrx_word' id='word_1_8' title='bbox 2212 730 2471 804; x_wconf 86' lang='lat' dir='ltr'><strong>decima,</strong></span> <span class='ocrx_word' id='word_1_9' title='bbox 2488 750 2827 793; x_wconf 79' lang='lat' dir='ltr'><strong>succurrere</strong></span> <span class='ocrx_word' id='word_1_10' title='bbox 2853 730 3027 791; x_wconf 83' lang='lat' dir='ltr'><strong>labo·-</strong></span> 
     </span>
     <span class='ocr_line' id='line_1_3' title="bbox 1123 825 3029 913; baseline -0.003 -21"><span class='ocrx_word' id='word_1_11' title='bbox 1123 832 1392 892; x_wconf 84' lang='lat' dir='ltr'><strong>rantibus</strong></span> <span class='ocrx_word' id='word_1_12' title='bbox 1429 839 1766 913; x_wconf 87' lang='lat' dir='ltr'><strong>potuerunt.</strong></span> <span class='ocrx_word' id='word_1_13' title='bbox 1850 828 2089 890; x_wconf 89' lang='lat' dir='ltr'><strong>Horum</strong></span> <span class='ocrx_word' id='word_1_14' title='bbox 2130 838 2483 909; x_wconf 81' lang='lat' dir='ltr'><strong>superventu</strong></span> <span class='ocrx_word' id='word_1_15' title='bbox 2522 836 2752 889; x_wconf 85' lang='lat' dir='ltr'><strong>mutata</strong></span> <span class='ocrx_word' id='word_1_16' title='bbox 2784 825 3029 887; x_wconf 81' lang='lat' dir='ltr'><strong>fortuna</strong></span> 
     </span>
    </p>
   </div>
   <div class='ocr_carea' id='block_1_3' title="bbox 1021 922 2959 1008">
    <p class='ocr_par' dir='ltr' id='par_1_3' title="bbox 1021 922 2959 1008">
     <span class='ocr_line' id='line_1_4' title="bbox 1021 922 2959 1008; baseline -0.002 -21"><span class='ocrx_word' id='word_1_17' title='bbox 1021 942 1024 945; x_wconf 80' lang='grc'>’</span> <span class='ocrx_word' id='word_1_18' title='bbox 1121 936 1232 999; x_wconf 79' lang='lat' dir='ltr'><strong>ost,</strong></span> <span class='ocrx_word' id='word_1_19' title='bbox 1259 928 1632 1008; x_wconf 86' lang='lat' dir='ltr'><strong>hostiumque</strong></span> <span class='ocrx_word' id='word_1_20' title='bbox 1658 936 1819 987; x_wconf 88' lang='lat' dir='ltr'><strong>totus</strong></span> <span class='ocrx_word' id='word_1_21' title='bbox 1840 926 2025 986; x_wconf 82' lang='lat' dir='ltr'><strong>ferme</strong></span> <span class='ocrx_word' id='word_1_22' title='bbox 2048 925 2343 985; x_wconf 81' lang='lat' dir='ltr'><strong>exercitus</strong></span> <span class='ocrx_word' id='word_1_23' title='bbox 2366 923 2685 1007; x_wconf 82' lang='lat' dir='ltr'><strong>pugnando</strong></span> <span class='ocrx_word' id='word_1_24' title='bbox 2708 922 2959 983; x_wconf 83' lang='lat' dir='ltr'><strong>deletus.</strong></span> 
     </span>
    </p>
   </div>
   <div class='ocr_carea' id='block_1_4' title="bbox 1040 1018 3047 3237">
    <p class='ocr_par' dir='ltr' id='par_1_4' title="bbox 1040 1018 3047 1784">
     <span class='ocr_line' id='line_1_5' title="bbox 1200 1018 3047 1105; baseline -0.003 -20"><span class='ocrx_word' id='word_1_25' title='bbox 1200 1030 1304 1085; x_wconf 81' lang='lat'><strong>60.</strong></span> <span class='ocrx_word' id='word_1_26' title='bbox 1347 1022 1494 1084; x_wconf 87' lang='lat' dir='ltr'><strong>Hoc</strong></span> <span class='ocrx_word' id='word_1_27' title='bbox 1530 1022 1737 1105; x_wconf 82' lang='lat' dir='ltr'><strong>praelio</strong></span> <span class='ocrx_word' id='word_1_28' title='bbox 1770 1022 1956 1093; x_wconf 87' lang='lat' dir='ltr'><strong>facto,</strong></span> <span class='ocrx_word' id='word_1_29' title='bbox 1998 1024 2255 1103; x_wconf 86' lang='lat' dir='ltr'><strong>majores</strong></span> <span class='ocrx_word' id='word_1_30' title='bbox 2290 1030 2433 1081; x_wconf 88' lang='lat' dir='ltr'><strong>natu</strong></span> <span class='ocrx_word' id='word_1_31' title='bbox 2466 1018 2851 1091; x_wconf 83' lang='lat' dir='ltr'><strong>Nerviorum,</strong></span> <span class='ocrx_word' id='word_1_32' title='bbox 2878 1038 3047 1099; x_wconf 34' lang='lat' dir='ltr'><strong>quos,</strong></span> 
     </span>
     <span class='ocr_line' id='line_1_6' title="bbox 1119 1115 3033 1201; baseline -0.004 -20"><span class='ocrx_word' id='word_1_33' title='bbox 1119 1140 1257 1181; x_wconf 89' lang='lat' dir='ltr'><strong>cum</strong></span> <span class='ocrx_word' id='word_1_34' title='bbox 1284 1121 1482 1201; x_wconf 91' lang='lat' dir='ltr'><strong>pueris</strong></span> <span class='ocrx_word' id='word_1_35' title='bbox 1507 1128 1691 1200; x_wconf 87' lang='lat' dir='ltr'><strong>atque</strong></span> <span class='ocrx_word' id='word_1_36' title='bbox 1718 1119 2067 1179; x_wconf 88' lang='lat' dir='ltr'><strong>mulieribus</strong></span> <span class='ocrx_word' id='word_1_37' title='bbox 2086 1118 2147 1177; x_wconf 90' lang='lat' dir='ltr'><strong>in</strong></span> <span class='ocrx_word' id='word_1_38' title='bbox 2173 1118 2309 1179; x_wconf 88' lang='lat' dir='ltr'><strong>loca</strong></span> <span class='ocrx_word' id='word_1_39' title='bbox 2325 1116 2645 1200; x_wconf 86' lang='lat' dir='ltr'><strong>paludibus</strong></span> <span class='ocrx_word' id='word_1_40' title='bbox 2664 1116 2828 1177; x_wconf 84' lang='lat' dir='ltr'><strong>invia</strong></span> <span class='ocrx_word' id='word_1_41' title='bbox 2854 1115 3033 1175; x_wconf 90' lang='lat' dir='ltr'><strong>mise·</strong></span> 
     </span>
     <span class='ocr_line' id='line_1_7' title="bbox 1119 1212 3037 1294; baseline -0.004 -15"><span class='ocrx_word' id='word_1_42' title='bbox 1119 1226 1272 1293; x_wconf 81' lang='lat' dir='ltr'><strong>rant,</strong></span> <span class='ocrx_word' id='word_1_43' title='bbox 1301 1217 1528 1281; x_wconf 78' lang='lat' dir='ltr'><strong>Gaesari</strong></span> <span class='ocrx_word' id='word_1_44' title='bbox 1549 1237 1615 1277; x_wconf 89' lang='lat' dir='ltr'><strong>se</strong></span> <span class='ocrx_word' id='word_1_45' title='bbox 1639 1216 2013 1278; x_wconf 86' lang='lat' dir='ltr'><strong>dediderunt.</strong></span> <span class='ocrx_word' id='word_1_46' title='bbox 2096 1212 2341 1275; x_wconf 88' lang='lat' dir='ltr'><strong>Horum</strong></span> <span class='ocrx_word' id='word_1_47' title='bbox 2367 1215 2551 1293; x_wconf 66' lang='lat' dir='ltr'><strong>legati</strong></span> <span class='ocrx_word' id='word_1_48' title='bbox 2578 1214 2639 1273; x_wconf 90' lang='lat' dir='ltr'><strong>in</strong></span> <span class='ocrx_word' id='word_1_49' title='bbox 2670 1212 3037 1294; x_wconf 82' lang='lat' dir='ltr'><strong>exponenda</strong></span> 
     </span>
     <span class='ocr_line' id='line_1_8' title="bbox 1119 1310 3034 1389; baseline -0.004 -13"><span class='ocrx_word' id='word_1_50' title='bbox 1119 1315 1381 1377; x_wconf 83' lang='lat' dir='ltr'><strong>civitatis</strong></span> <span class='ocrx_word' id='word_1_51' title='bbox 1418 1314 1765 1375; x_wconf 78' lang='lat' dir='ltr'><strong>calamitate</strong></span> <span class='ocrx_word' id='word_1_52' title='bbox 1804 1312 2109 1385; x_wconf 82' lang='lat' dir='ltr'><strong>dixerunt,</strong></span> <span class='ocrx_word' id='word_1_53' title='bbox 2151 1320 2169 1349; x_wconf 79' lang='lat'><em>⁶</em></span> <span class='ocrx_word' id='word_1_54' title='bbox 2193 1310 2271 1373; x_wconf 92' lang='lat' dir='ltr'><strong>de</strong></span> <span class='ocrx_word' id='word_1_55' title='bbox 2304 1311 2619 1389; x_wconf 74' lang='lat' dir='ltr'><strong>sexaginta</strong></span> <span class='ocrx_word' id='word_1_56' title='bbox 2641 1310 2909 1371; x_wconf 89' lang='lat' dir='ltr'><strong>millibus</strong></span> <span class='ocrx_word' id='word_1_57' title='bbox 2932 1328 3034 1369; x_wconf 85' lang='lat' dir='ltr'><strong>ar-</strong></span> 
     </span>
     <span class='ocr_line' id='line_1_9' title="bbox 1119 1405 3033 1491; baseline -0.004 -17"><span class='ocrx_word' id='word_1_58' title='bbox 1119 1423 1416 1474; x_wconf 88' lang='lat' dir='ltr'><strong>matorum</strong></span> <span class='ocrx_word' id='word_1_59' title='bbox 1439 1430 1560 1472; x_wconf 91' lang='lat' dir='ltr'><strong>non</strong></span> <span class='ocrx_word' id='word_1_60' title='bbox 1585 1410 1846 1491; x_wconf 88' lang='lat' dir='ltr'><strong>amplius</strong></span> <span class='ocrx_word' id='word_1_61' title='bbox 1870 1411 2224 1491; x_wconf 73' lang='lat' dir='ltr'><strong>quingentos</strong></span> <span class='ocrx_word' id='word_1_62' title='bbox 2242 1428 2567 1489; x_wconf 72' lang='lat' dir='ltr'>superesse,</span> <span class='ocrx_word' id='word_1_63' title='bbox 2590 1416 2657 1469; x_wconf 87' lang='lat' dir='ltr'><strong>et</strong></span> <span class='ocrx_word' id='word_1_64' title='bbox 2677 1415 2797 1467; x_wconf 87' lang='lat' dir='ltr'><strong>tres</strong></span> <span class='ocrx_word' id='word_1_65' title='bbox 2822 1405 3033 1467; x_wconf 87' lang='lat' dir='ltr'><strong>admo-</strong></span> 
     </span>
     <span class='ocr_line' id='line_1_10' title="bbox 1043 1504 3039 1588; baseline -0.004 -18"><span class='ocrx_word' id='word_1_66' title='bbox 1043 1504 1054 1518; x_wconf 80' lang='lat'><strong>&#39;</strong></span> <span class='ocrx_word' id='word_1_67' title='bbox 1119 1509 1265 1570; x_wconf 89' lang='lat' dir='ltr'><strong>dum</strong></span> <span class='ocrx_word' id='word_1_68' title='bbox 1311 1517 1614 1569; x_wconf 74' lang='lat' dir='ltr'><strong>senatores</strong></span> <span class='ocrx_word' id='word_1_69' title='bbox 1652 1507 1731 1568; x_wconf 82' lang='lat' dir='ltr'><strong>de</strong></span> <span class='ocrx_word' id='word_1_70' title='bbox 1776 1506 2265 1588; x_wconf 63' lang='lat' dir='ltr'>quadringentis?</span> <span class='ocrx_word' id='word_1_71' title='bbox 2348 1504 2555 1575; x_wconf 64' lang='lat' dir='ltr'><strong>Caesar</strong></span> <span class='ocrx_word' id='word_1_72' title='bbox 2594 1504 2864 1563; x_wconf 82' lang='lat' dir='ltr'><strong>misertus</strong></span> <span class='ocrx_word' id='word_1_73' title='bbox 2906 1506 3039 1564; x_wconf 87' lang='lat' dir='ltr'><strong>suis</strong></span> 
     </span>
     <span class='ocr_line' id='line_1_11' title="bbox 1119 1600 3037 1686; baseline -0.003 -19"><span class='ocrx_word' id='word_1_74' title='bbox 1119 1628 1224 1667; x_wconf 91' lang='lat' dir='ltr'><strong>eos</strong></span> <span class='ocrx_word' id='word_1_75' title='bbox 1256 1605 1476 1666; x_wconf 86' lang='lat' dir='ltr'><strong>finibus</strong></span> <span class='ocrx_word' id='word_1_76' title='bbox 1517 1604 1871 1686; x_wconf 80' lang='lat' dir='ltr'>oppidisque</span> <span class='ocrx_word' id='word_1_77' title='bbox 1896 1604 2079 1684; x_wconf 85' lang='lat' dir='ltr'><strong>jussit</strong></span> <span class='ocrx_word' id='word_1_78' title='bbox 2117 1604 2247 1662; x_wconf 89' lang='lat' dir='ltr'><strong>uti:</strong></span> <span class='ocrx_word' id='word_1_79' title='bbox 2290 1600 2673 1681; x_wconf 84' lang='lat' dir='ltr'><strong>finitimisque</strong></span> <span class='ocrx_word' id='word_1_80' title='bbox 2714 1600 3037 1680; x_wconf 80' lang='lat' dir='ltr'><strong>imperavit</strong></span> 
     </span>
     <span class='ocr_line' id='line_1_12' title="bbox 1040 1678 3021 1784; baseline -0.004 -21"><span class='ocrx_word' id='word_1_81' title='bbox 1040 1744 1046 1753; x_wconf 90' lang='lat'>-</span> <span class='ocrx_word' id='word_1_82' title='bbox 1119 1724 1195 1765; x_wconf 89' lang='lat' dir='ltr'><strong>ne</strong></span> <span class='ocrx_word' id='word_1_83' title='bbox 1221 1723 1402 1784; x_wconf 88' lang='lat' dir='ltr'><strong>quam</strong></span> <span class='ocrx_word' id='word_1_84' title='bbox 1427 1701 1697 1763; x_wconf 77' lang='lat' dir='ltr'><strong>facerent</strong></span> <span class='ocrx_word' id='word_1_85' title='bbox 1723 1689 1933 1782; x_wconf 85' lang='lat' dir='ltr'><strong>populi</strong></span> <span class='ocrx_word' id='word_1_86' title='bbox 1958 1699 2228 1765; x_wconf 77' lang='lat' dir='ltr'><strong>Romani</strong></span> <span class='ocrx_word' id='word_1_87' title='bbox 2252 1698 2544 1759; x_wconf 80' lang='lat' dir='ltr'><strong>dedititiis</strong></span> <span class='ocrx_word' id='word_1_88' title='bbox 2566 1697 2861 1779; x_wconf 77' lang='lat' dir='ltr'><strong>injuriam.</strong></span> <span class='ocrx_word' id='word_1_89' title='bbox 3006 1678 3021 1693; x_wconf 75' lang='grc'><strong>’</strong></span> 
     </span>
    </p>

    <p class='ocr_par' dir='ltr' id='par_1_5' title="bbox 1113 1794 3037 3237">
     <span class='ocr_line' id='line_1_13' title="bbox 1197 1794 3035 1875; baseline -0.003 -14"><span class='ocrx_word' id='word_1_90' title='bbox 1197 1807 1300 1861; x_wconf 81' lang='grc'><strong>61.</strong></span> <span class='ocrx_word' id='word_1_91' title='bbox 1363 1799 1665 1869; x_wconf 87' lang='lat' dir='ltr'><strong>Atuatici,</strong></span> <span class='ocrx_word' id='word_1_92' title='bbox 1708 1797 2085 1858; x_wconf 86' lang='lat' dir='ltr'><strong>Cimbrorum</strong></span> <span class='ocrx_word' id='word_1_93' title='bbox 2125 1795 2645 1875; x_wconf 83' lang='lat' dir='ltr'><strong>Teutonorumque</strong></span> <span class='ocrx_word' id='word_1_94' title='bbox 2696 1794 3035 1875; x_wconf 79' lang='lat' dir='ltr'><strong>progenies,</strong></span> 
     </span>
     <span class='ocr_line' id='line_1_14' title="bbox 1117 1891 3033 1977; baseline -0.004 -19"><span class='ocrx_word' id='word_1_95' title='bbox 1117 1918 1196 1958; x_wconf 83' lang='lat' dir='ltr'><strong>ex</strong></span> <span class='ocrx_word' id='word_1_96' title='bbox 1223 1898 1296 1957; x_wconf 89' lang='lat' dir='ltr'><strong>iis</strong></span> <span class='ocrx_word' id='word_1_97' title='bbox 1329 1898 1446 1957; x_wconf 88' lang='lat' dir='ltr'><strong>orti</strong></span> <span class='ocrx_word' id='word_1_98' title='bbox 1483 1896 1592 1977; x_wconf 89' lang='lat' dir='ltr'><strong>qui</strong></span> <span class='ocrx_word' id='word_1_99' title='bbox 1623 1916 1662 1956; x_wconf 89' lang='lat' dir='ltr'><strong>a</strong></span> <span class='ocrx_word' id='word_1_100' title='bbox 1688 1894 2147 1975; x_wconf 79' lang='lat' dir='ltr'><strong>properantibus</strong></span> <span class='ocrx_word' id='word_1_101' title='bbox 2172 1894 2233 1953; x_wconf 91' lang='lat' dir='ltr'><strong>in</strong></span> <span class='ocrx_word' id='word_1_102' title='bbox 2261 1891 2510 1953; x_wconf 83' lang='lat' dir='ltr'><strong>Italiam</strong></span> <span class='ocrx_word' id='word_1_103' title='bbox 2535 1892 2727 1953; x_wconf 80' lang='lat' dir='ltr'><strong>relicti</strong></span> <span class='ocrx_word' id='word_1_104' title='bbox 2750 1910 2888 1951; x_wconf 85' lang='lat' dir='ltr'><strong>cum</strong></span> <span class='ocrx_word' id='word_1_105' title='bbox 2916 1892 3033 1952; x_wconf 89' lang='lat' dir='ltr'><strong>im·-</strong></span> 
     </span>
     <span class='ocr_line' id='line_1_15' title="bbox 1116 1987 3035 2076; baseline -0.004 -20"><span class='ocrx_word' id='word_1_106' title='bbox 1116 1994 1470 2076; x_wconf 85' lang='lat' dir='ltr'><strong>pedimentis</strong></span> <span class='ocrx_word' id='word_1_107' title='bbox 1489 1994 1548 2053; x_wconf 87' lang='lat' dir='ltr'><strong>in</strong></span> <span class='ocrx_word' id='word_1_108' title='bbox 1578 1992 1789 2053; x_wconf 86' lang='lat' dir='ltr'><strong>Gallia</strong></span> <span class='ocrx_word' id='word_1_109' title='bbox 1808 1992 2064 2063; x_wconf 86' lang='lat' dir='ltr'><strong>fuerant,</strong></span> <span class='ocrx_word' id='word_1_110' title='bbox 2080 2010 2217 2051; x_wconf 90' lang='lat' dir='ltr'><strong>cum</strong></span> <span class='ocrx_word' id='word_1_111' title='bbox 2244 1988 2323 2049; x_wconf 84' lang='lat' dir='ltr'><strong>ad</strong></span> <span class='ocrx_word' id='word_1_112' title='bbox 2345 1988 2636 2051; x_wconf 87' lang='lat' dir='ltr'><strong>auxilium</strong></span> <span class='ocrx_word' id='word_1_113' title='bbox 2664 1987 3035 2049; x_wconf 81' lang='lat' dir='ltr'><strong>Nerviorum</strong></span> 
     </span>
     <span class='ocr_line' id='line_1_16' title="bbox 1117 2086 3037 2167; baseline -0.003 -15"><span class='ocrx_word' id='word_1_114' title='bbox 1117 2092 1303 2152; x_wconf 88' lang='lat' dir='ltr'><strong>serius</strong></span> <span class='ocrx_word' id='word_1_115' title='bbox 1326 2091 1474 2153; x_wconf 88' lang='lat' dir='ltr'><strong>moti</strong></span> <span class='ocrx_word' id='word_1_116' title='bbox 1499 2098 1716 2162; x_wconf 84' lang='lat' dir='ltr'><strong>essent,</strong></span> <span class='ocrx_word' id='word_1_117' title='bbox 1742 2110 1943 2151; x_wconf 91' lang='lat' dir='ltr'><strong>eorum</strong></span> <span class='ocrx_word' id='word_1_118' title='bbox 1962 2088 2157 2149; x_wconf 86' lang='lat' dir='ltr'><strong>cladis</strong></span> <span class='ocrx_word' id='word_1_119' title='bbox 2184 2087 2387 2147; x_wconf 89' lang='lat' dir='ltr'><strong>nuntio</strong></span> <span class='ocrx_word' id='word_1_120' title='bbox 2414 2095 2684 2167; x_wconf 83' lang='lat' dir='ltr'><strong>accepto,</strong></span> <span class='ocrx_word' id='word_1_121' title='bbox 2705 2086 3037 2147; x_wconf 77' lang='lat' dir='ltr'><strong>retulerunt</strong></span> 
     </span>
     <span class='ocr_line' id='line_1_17' title="bbox 1119 2181 3035 2266; baseline -0.002 -17"><span class='ocrx_word' id='word_1_122' title='bbox 1119 2209 1182 2249; x_wconf 85' lang='lat' dir='ltr'><strong>se</strong></span> <span class='ocrx_word' id='word_1_123' title='bbox 1207 2187 1472 2259; x_wconf 89' lang='lat' dir='ltr'><strong>domum,</strong></span> <span class='ocrx_word' id='word_1_124' title='bbox 1497 2186 1859 2266; x_wconf 82' lang='lat' dir='ltr'><strong>desertisque</strong></span> <span class='ocrx_word' id='word_1_125' title='bbox 1885 2185 2097 2246; x_wconf 84' lang='lat' dir='ltr'><strong>ceteris</strong></span> <span class='ocrx_word' id='word_1_126' title='bbox 2123 2184 2358 2266; x_wconf 83' lang='lat' dir='ltr'><strong>oppidis</strong></span> <span class='ocrx_word' id='word_1_127' title='bbox 2391 2192 2571 2263; x_wconf 85' lang='lat' dir='ltr'><strong>atque</strong></span> <span class='ocrx_word' id='word_1_128' title='bbox 2600 2181 2861 2243; x_wconf 81' lang='lat' dir='ltr'><strong>castellis</strong></span> <span class='ocrx_word' id='word_1_129' title='bbox 2898 2203 3035 2245; x_wconf 88' lang='lat' dir='ltr'><strong>om-</strong></span> 
     </span>
     <span class='ocr_line' id='line_1_18' title="bbox 1117 2280 3032 2362; baseline -0.001 -18"><span class='ocrx_word' id='word_1_130' title='bbox 1117 2286 1312 2357; x_wconf 89' lang='lat' dir='ltr'><strong>nibus,</strong></span> <span class='ocrx_word' id='word_1_131' title='bbox 1345 2285 1411 2350; x_wconf 89' lang='lat' dir='ltr'><strong>in</strong></span> <span class='ocrx_word' id='word_1_132' title='bbox 1450 2303 1656 2355; x_wconf 89' lang='lat' dir='ltr'><strong>unum,</strong></span> <span class='ocrx_word' id='word_1_133' title='bbox 1686 2282 1847 2362; x_wconf 89' lang='lat' dir='ltr'><strong>quod</strong></span> <span class='ocrx_word' id='word_1_134' title='bbox 1873 2283 2133 2343; x_wconf 87' lang='lat' dir='ltr'><strong>omnium</strong></span> <span class='ocrx_word' id='word_1_135' title='bbox 2164 2290 2375 2341; x_wconf 86' lang='lat' dir='ltr'><strong>natura</strong></span> <span class='ocrx_word' id='word_1_136' title='bbox 2398 2280 2849 2341; x_wconf 82' lang='lat' dir='ltr'><strong>munitissimum</strong></span> <span class='ocrx_word' id='word_1_137' title='bbox 2874 2290 3032 2355; x_wconf 86' lang='lat' dir='ltr'><strong>erat,</strong></span> 
     </span>
     <span class='ocr_line' id='line_1_19' title="bbox 1120 2378 3033 2459; baseline -0.001 -18"><span class='ocrx_word' id='word_1_138' title='bbox 1120 2402 1182 2441; x_wconf 92' lang='lat' dir='ltr'><strong>se</strong></span> <span class='ocrx_word' id='word_1_139' title='bbox 1208 2380 1608 2442; x_wconf 87' lang='lat' dir='ltr'><strong>incluserunt:</strong></span> <span class='ocrx_word' id='word_1_140' title='bbox 1653 2379 2119 2459; x_wconf 77' lang='lat' dir='ltr'><strong>accedentesque</strong></span> <span class='ocrx_word' id='word_1_141' title='bbox 2147 2378 2461 2439; x_wconf 88' lang='lat' dir='ltr'><strong>Romanos</strong></span> <span class='ocrx_word' id='word_1_142' title='bbox 2483 2378 2702 2437; x_wconf 83' lang='lat' dir='ltr'><strong>crebris</strong></span> <span class='ocrx_word' id='word_1_143' title='bbox 2725 2378 3033 2439; x_wconf 81' lang='lat' dir='ltr'><strong>excursio-</strong></span> 
     </span>
     <span class='ocr_line' id='line_1_20' title="bbox 1119 2470 3033 2557; baseline -0.001 -19"><span class='ocrx_word' id='word_1_144' title='bbox 1119 2479 1294 2539; x_wconf 86' lang='lat' dir='ltr'><strong>nibus</strong></span> <span class='ocrx_word' id='word_1_145' title='bbox 1317 2480 1554 2549; x_wconf 82' lang='lat' dir='ltr'><strong>morati,</strong></span> <span class='ocrx_word' id='word_1_146' title='bbox 1594 2476 1674 2537; x_wconf 84' lang='lat' dir='ltr'><strong>ad</strong></span> <span class='ocrx_word' id='word_1_147' title='bbox 1698 2477 1926 2538; x_wconf 79' lang='lat' dir='ltr'><strong>vallum</strong></span> <span class='ocrx_word' id='word_1_148' title='bbox 1954 2476 2270 2537; x_wconf 90' lang='lat' dir='ltr'><strong>duodecim</strong></span> <span class='ocrx_word' id='word_1_149' title='bbox 2297 2474 2537 2557; x_wconf 88' lang='lat' dir='ltr'><strong>pedum,</strong></span> <span class='ocrx_word' id='word_1_150' title='bbox 2573 2470 3033 2555; x_wconf 62' lang='lat' dir='ltr'><strong>circuitffquin-</strong></span> 
     </span>
     <span class='ocr_line' id='line_1_21' title="bbox 1116 2571 3035 2654; baseline 0.001 -20"><span class='ocrx_word' id='word_1_151' title='bbox 1116 2574 1312 2637; x_wconf 87' lang='lat' dir='ltr'><strong>decim</strong></span> <span class='ocrx_word' id='word_1_152' title='bbox 1359 2575 1636 2645; x_wconf 90' lang='lat' dir='ltr'><strong>millium,</strong></span> <span class='ocrx_word' id='word_1_153' title='bbox 1679 2576 2007 2654; x_wconf 88' lang='lat' dir='ltr'><strong>crebraque</strong></span> <span class='ocrx_word' id='word_1_154' title='bbox 2060 2572 2315 2635; x_wconf 87' lang='lat' dir='ltr'><strong>castella</strong></span> <span class='ocrx_word' id='word_1_155' title='bbox 2356 2572 2681 2633; x_wconf 82' lang='lat' dir='ltr'><strong>excitanda</strong></span> <span class='ocrx_word' id='word_1_156' title='bbox 2725 2571 3035 2635; x_wconf 77' lang='lat' dir='ltr'><strong>Goesarem</strong></span> 
     </span>
     <span class='ocr_line' id='line_1_22' title="bbox 1114 2668 3032 2753; baseline -0.001 -21"><span class='ocrx_word' id='word_1_157' title='bbox 1114 2672 1547 2753; x_wconf 88' lang='lat' dir='ltr'><strong>compulerunt.</strong></span> <span class='ocrx_word' id='word_1_158' title='bbox 1630 2672 1966 2753; x_wconf 86' lang='lat' dir='ltr'><strong>Postquam</strong></span> <span class='ocrx_word' id='word_1_159' title='bbox 2004 2692 2087 2733; x_wconf 88' lang='lat' dir='ltr'><strong>-ea</strong></span> <span class='ocrx_word' id='word_1_160' title='bbox 2122 2671 2284 2731; x_wconf 84' lang='lat' dir='ltr'><strong>facta</strong></span> <span class='ocrx_word' id='word_1_161' title='bbox 2319 2678 2475 2741; x_wconf 82' lang='lat' dir='ltr'><strong>sunt,</strong></span> <span class='ocrx_word' id='word_1_162' title='bbox 2512 2677 2576 2729; x_wconf 89' lang='lat' dir='ltr'><strong>et</strong></span> <span class='ocrx_word' id='word_1_163' title='bbox 2605 2668 2811 2749; x_wconf 86' lang='lat' dir='ltr'><strong>procul</strong></span> <span class='ocrx_word' id='word_1_164' title='bbox 2836 2669 3032 2731; x_wconf 65' lang='lat' dir='ltr'><strong>redifi-</strong></span> 
     </span>
     <span class='ocr_line' id='line_1_23' title="bbox 1113 2767 3031 2849; baseline -0.001 -21"><span class='ocrx_word' id='word_1_165' title='bbox 1113 2769 1240 2829; x_wconf 86' lang='lat' dir='ltr'><strong>cari</strong></span> <span class='ocrx_word' id='word_1_166' title='bbox 1286 2770 1494 2829; x_wconf 88' lang='lat' dir='ltr'><strong>turrim</strong></span> <span class='ocrx_word' id='word_1_167' title='bbox 1534 2768 1831 2839; x_wconf 81' lang='lat' dir='ltr'><strong>viderunt,</strong></span> <span class='ocrx_word' id='word_1_168' title='bbox 1872 2767 2125 2829; x_wconf 84' lang='lat' dir='ltr'><strong>ridicula</strong></span> <span class='ocrx_word' id='word_1_169' title='bbox 2159 2788 2251 2828; x_wconf 89' lang='lat' dir='ltr'><strong>res</strong></span> <span class='ocrx_word' id='word_1_170' title='bbox 2286 2767 2504 2846; x_wconf 85' lang='lat' dir='ltr'><strong>ignaris</strong></span> <span class='ocrx_word' id='word_1_171' title='bbox 2545 2767 2709 2827; x_wconf 78' lang='lat' dir='ltr'><strong>visa:</strong></span> <span class='ocrx_word' id='word_1_172' title='bbox 2753 2767 3031 2849; x_wconf 84' lang='lat' dir='ltr'><strong>increpa-</strong></span> 
     </span>
     <span class='ocr_line' id='line_1_24' title="bbox 1113 2863 3035 2945; baseline 0.002 -22"><span class='ocrx_word' id='word_1_173' title='bbox 1113 2873 1368 2945; x_wconf 84' lang='lat' dir='ltr'><strong>runtque</strong></span> <span class='ocrx_word' id='word_1_174' title='bbox 1411 2863 1489 2925; x_wconf 89' lang='lat' dir='ltr'><strong>de</strong></span> <span class='ocrx_word' id='word_1_175' title='bbox 1527 2886 1717 2937; x_wconf 90' lang='lat' dir='ltr'><strong>muro,</strong></span> <span class='ocrx_word' id='word_1_176' title='bbox 1761 2873 1779 2901; x_wconf 79' lang='lat'><strong><em>⁴</em></strong></span> <span class='ocrx_word' id='word_1_177' title='bbox 1803 2884 2080 2944; x_wconf 86' lang='lat' dir='ltr'><strong>quorsum</strong></span> <span class='ocrx_word' id='word_1_178' title='bbox 2118 2864 2387 2925; x_wconf 86' lang='lat' dir='ltr'><strong>homines</strong></span> <span class='ocrx_word' id='word_1_179' title='bbox 2417 2864 2603 2945; x_wconf 86' lang='lat' dir='ltr'><strong>inepti</strong></span> <span class='ocrx_word' id='word_1_180' title='bbox 2642 2872 2812 2923; x_wconf 84' lang='lat' dir='ltr'><strong>tanta</strong></span> <span class='ocrx_word' id='word_1_181' title='bbox 2844 2884 3035 2945; x_wconf 80' lang='lat' dir='ltr'><strong>opera</strong></span> 
     </span>
     <span class='ocr_line' id='line_1_25' title="bbox 1115 2960 3031 3043; baseline 0.001 -22"><span class='ocrx_word' id='word_1_182' title='bbox 1115 2962 1496 3023; x_wconf 74' lang='lat' dir='ltr'><strong>molirentur?</strong></span> <span class='ocrx_word' id='word_1_183' title='bbox 1563 2961 1747 3021; x_wconf 89' lang='lat' dir='ltr'><strong>Anne</strong></span> <span class='ocrx_word' id='word_1_184' title='bbox 1790 2970 2094 3043; x_wconf 85' lang='lat' dir='ltr'><strong>sperarent</strong></span> <span class='ocrx_word' id='word_1_185' title='bbox 2136 2961 2389 3021; x_wconf 84' lang='lat' dir='ltr'><strong>tantillis</strong></span> <span class='ocrx_word' id='word_1_186' title='bbox 2432 2961 2780 3041; x_wconf 84' lang='lat' dir='ltr'><strong>corporibus</strong></span> <span class='ocrx_word' id='word_1_187' title='bbox 2796 2960 2815 2990; x_wconf 88' lang='lat'>’</span> <span class='ocrx_word' id='word_1_188' title='bbox 2857 2967 3031 3039; x_wconf 82' lang='lat' dir='ltr'><strong>(nam</strong></span> 
     </span>
     <span class='ocr_line' id='line_1_26' title="bbox 1115 3058 3034 3139; baseline 0 -18"><span class='ocrx_word' id='word_1_189' title='bbox 1115 3080 1238 3139; x_wconf 83' lang='lat' dir='ltr'><strong>prae</strong></span> <span class='ocrx_word' id='word_1_190' title='bbox 1273 3058 1676 3138; x_wconf 81' lang='lat' dir='ltr'><strong>magnitudine</strong></span> <span class='ocrx_word' id='word_1_191' title='bbox 1713 3079 1823 3120; x_wconf 88' lang='lat' dir='ltr'><strong>sua</strong></span> <span class='ocrx_word' id='word_1_192' title='bbox 1857 3068 2142 3119; x_wconf 86' lang='lat' dir='ltr'><strong>staturam</strong></span> <span class='ocrx_word' id='word_1_193' title='bbox 2179 3058 2592 3120; x_wconf 86' lang='lat' dir='ltr'><strong>Romanorum</strong></span> <span class='ocrx_word' id='word_1_194' title='bbox 2617 3058 3034 3139; x_wconf 72' lang='lat' dir='ltr'><strong>despiciebant</strong></span> 
     </span>
     <span class='ocr_line' id='line_1_27' title="bbox 1117 3154 3029 3237; baseline 0.001 -22"><span class='ocrx_word' id='word_1_195' title='bbox 1117 3154 1317 3234; x_wconf 84' lang='lat' dir='ltr'><strong>Galli)</strong></span> <span class='ocrx_word' id='word_1_196' title='bbox 1372 3163 1390 3191; x_wconf 79' lang='lat'><strong><em>⁴</em></strong></span> <span class='ocrx_word' id='word_1_197' title='bbox 1410 3164 1638 3216; x_wconf 86' lang='lat' dir='ltr'><strong>tantam</strong></span> <span class='ocrx_word' id='word_1_198' title='bbox 1686 3156 1901 3231; x_wconf 87' lang='lat' dir='ltr'><strong>molem</strong></span> <span class='ocrx_word' id='word_1_199' title='bbox 1938 3157 2001 3217; x_wconf 90' lang='lat' dir='ltr'><strong>in</strong></span> <span class='ocrx_word' id='word_1_200' title='bbox 2038 3178 2237 3217; x_wconf 89' lang='lat' dir='ltr'><strong>muros</strong></span> <span class='ocrx_word' id='word_1_201' title='bbox 2273 3178 2445 3237; x_wconf 88' lang='lat' dir='ltr'><strong>posse</strong></span> <span class='ocrx_word' id='word_1_202' title='bbox 2486 3155 2759 3217; x_wconf 84' lang='lat' dir='ltr'><strong>attollere</strong></span> <span class='ocrx_word' id='word_1_203' title='bbox 2771 3156 2816 3215; x_wconf 74' lang='grc' dir='ltr'><strong><em>Ῥ</em></strong></span> <span class='ocrx_word' id='word_1_204' title='bbox 2898 3155 3029 3217; x_wconf 85' lang='lat' dir='ltr'><strong>Sed</strong></span> 
     </span>
    </p>
   </div>
   <div class='ocr_carea' id='block_1_5' title="bbox 991 3252 3029 3337">
    <p class='ocr_par' dir='ltr' id='par_1_6' title="bbox 991 3252 3029 3337">
     <span class='ocr_line' id='line_1_28' title="bbox 991 3252 3029 3337; baseline 0.001 -22"><span class='ocrx_word' id='word_1_205' title='bbox 991 3300 996 3315; x_wconf 84' lang='lat'><em>.</em></span> <span class='ocrx_word' id='word_1_206' title='bbox 1117 3252 1220 3312; x_wconf 90' lang='lat' dir='ltr'><strong>ubi</strong></span> <span class='ocrx_word' id='word_1_207' title='bbox 1259 3253 1482 3315; x_wconf 84' lang='lat' dir='ltr'><strong>moveri</strong></span> <span class='ocrx_word' id='word_1_208' title='bbox 1521 3254 1749 3326; x_wconf 87' lang='lat' dir='ltr'><strong>turrim,</strong></span> <span class='ocrx_word' id='word_1_209' title='bbox 1792 3253 2085 3335; x_wconf 78' lang='lat' dir='ltr'><strong>simulque</strong></span> <span class='ocrx_word' id='word_1_210' title='bbox 2118 3264 2375 3315; x_wconf 88' lang='lat' dir='ltr'><strong>armatos</strong></span> <span class='ocrx_word' id='word_1_211' title='bbox 2410 3256 2475 3337; x_wconf 83' lang='lat' dir='ltr'><strong>in</strong></span> <span class='ocrx_word' id='word_1_212' title='bbox 2512 3274 2587 3315; x_wconf 89' lang='lat' dir='ltr'><strong>ea</strong></span> <span class='ocrx_word' id='word_1_213' title='bbox 2610 3262 2834 3315; x_wconf 77' lang='lat' dir='ltr'><strong>stantes</strong></span> <span class='ocrx_word' id='word_1_214' title='bbox 2858 3254 3029 3317; x_wconf 84' lang='lat' dir='ltr'><strong>vide-</strong></span> 
     </span>
    </p>
   </div>
   <div class='ocr_carea' id='block_1_6' title="bbox 1053 3350 3029 4210">
    <p class='ocr_par' dir='ltr' id='par_1_7' title="bbox 1115 3350 3029 3916">
     <span class='ocr_line' id='line_1_29' title="bbox 1117 3350 3029 3430; baseline 0.003 -21"><span class='ocrx_word' id='word_1_215' title='bbox 1117 3357 1274 3421; x_wconf 87' lang='lat' dir='ltr'><strong>runt,</strong></span> <span class='ocrx_word' id='word_1_216' title='bbox 1303 3351 1571 3411; x_wconf 87' lang='lat' dir='ltr'><strong>exterriti</strong></span> <span class='ocrx_word' id='word_1_217' title='bbox 1609 3350 1779 3412; x_wconf 81' lang='lat' dir='ltr'><strong>velut</strong></span> <span class='ocrx_word' id='word_1_218' title='bbox 1812 3352 2124 3424; x_wconf 84' lang='lat' dir='ltr'><strong>miraculo,</strong></span> <span class='ocrx_word' id='word_1_219' title='bbox 2164 3353 2445 3415; x_wconf 85' lang='lat' dir='ltr'><strong>miserunt</strong></span> <span class='ocrx_word' id='word_1_220' title='bbox 2484 3352 2733 3430; x_wconf 81' lang='lat' dir='ltr'><strong>legatos,</strong></span> <span class='ocrx_word' id='word_1_221' title='bbox 2776 3360 2794 3388; x_wconf 80' lang='lat'><em>⁶</em></span> <span class='ocrx_word' id='word_1_222' title='bbox 2818 3353 3029 3414; x_wconf 87' lang='lat' dir='ltr'><strong>existi-</strong></span> 
     </span>
     <span class='ocr_line' id='line_1_30' title="bbox 1117 3448 3029 3531; baseline 0.003 -25"><span class='ocrx_word' id='word_1_223' title='bbox 1117 3466 1278 3507; x_wconf 85' lang='lat' dir='ltr'><strong>mare</strong></span> <span class='ocrx_word' id='word_1_224' title='bbox 1295 3466 1360 3507; x_wconf 89' lang='lat' dir='ltr'><strong>se</strong></span> <span class='ocrx_word' id='word_1_225' title='bbox 1385 3467 1500 3508; x_wconf 85' lang='lat' dir='ltr'><strong>non</strong></span> <span class='ocrx_word' id='word_1_226' title='bbox 1529 3448 1640 3508; x_wconf 85' lang='lat' dir='ltr'><strong>nisi</strong></span> <span class='ocrx_word' id='word_1_227' title='bbox 1669 3448 1937 3511; x_wconf 87' lang='lat' dir='ltr'><strong>Deorum</strong></span> <span class='ocrx_word' id='word_1_228' title='bbox 1957 3470 2069 3531; x_wconf 90' lang='lat' dir='ltr'><strong>ope</strong></span> <span class='ocrx_word' id='word_1_229' title='bbox 2094 3449 2323 3510; x_wconf 86' lang='lat' dir='ltr'><strong>bellare</strong></span> <span class='ocrx_word' id='word_1_230' title='bbox 2345 3449 2677 3520; x_wconf 86' lang='lat' dir='ltr'><strong>Romanos,</strong></span> <span class='ocrx_word' id='word_1_231' title='bbox 2704 3449 2809 3529; x_wconf 90' lang='lat' dir='ltr'><strong>qui</strong></span> <span class='ocrx_word' id='word_1_232' title='bbox 2836 3456 3029 3511; x_wconf 80' lang='lat' dir='ltr'><strong>tantae</strong></span> 
     </span>
     <span class='ocr_line' id='line_1_31' title="bbox 1118 3542 3029 3628; baseline 0.004 -26"><span class='ocrx_word' id='word_1_233' title='bbox 1118 3542 1449 3606; x_wconf 87' lang='lat' dir='ltr'><strong>altitudinis</strong></span> <span class='ocrx_word' id='word_1_234' title='bbox 1473 3565 1655 3626; x_wconf 87' lang='lat' dir='ltr'><strong>opera</strong></span> <span class='ocrx_word' id='word_1_235' title='bbox 1680 3555 1801 3606; x_wconf 84' lang='lat' dir='ltr'><strong>tam</strong></span> <span class='ocrx_word' id='word_1_236' title='bbox 1828 3546 2101 3607; x_wconf 89' lang='lat' dir='ltr'><strong>celeriter</strong></span> <span class='ocrx_word' id='word_1_237' title='bbox 2120 3554 2543 3628; x_wconf 83' lang='lat' dir='ltr'><strong>promoveant:</strong></span> <span class='ocrx_word' id='word_1_238' title='bbox 2571 3546 2772 3625; x_wconf 81' lang='lat' dir='ltr'><strong>itaque</strong></span> <span class='ocrx_word' id='word_1_239' title='bbox 2796 3566 2861 3607; x_wconf 92' lang='lat' dir='ltr'><strong>se</strong></span> <span class='ocrx_word' id='word_1_240' title='bbox 2884 3566 3029 3609; x_wconf 85' lang='lat' dir='ltr'><strong>sua-</strong></span> 
     </span>
     <span class='ocr_line' id='line_1_32' title="bbox 1117 3639 3029 3723; baseline 0.003 -24"><span class='ocrx_word' id='word_1_241' title='bbox 1117 3660 1233 3719; x_wconf 91' lang='lat' dir='ltr'><strong>que</strong></span> <span class='ocrx_word' id='word_1_242' title='bbox 1274 3639 1510 3705; x_wconf 83' lang='lat' dir='ltr'><strong>illorum</strong></span> <span class='ocrx_word' id='word_1_243' title='bbox 1555 3640 1698 3702; x_wconf 87' lang='lat' dir='ltr'><strong>fidei</strong></span> <span class='ocrx_word' id='word_1_244' title='bbox 1744 3643 2118 3723; x_wconf 82' lang='lat' dir='ltr'><strong>permittere:</strong></span> <span class='ocrx_word' id='word_1_245' title='bbox 2162 3664 2343 3703; x_wconf 87' lang='lat' dir='ltr'><strong>unum</strong></span> <span class='ocrx_word' id='word_1_246' title='bbox 2383 3641 2713 3723; x_wconf 86' lang='lat' dir='ltr'><strong>deprecari,</strong></span> <span class='ocrx_word' id='word_1_247' title='bbox 2754 3662 2829 3703; x_wconf 90' lang='lat' dir='ltr'><strong>ne</strong></span> <span class='ocrx_word' id='word_1_248' title='bbox 2859 3662 3029 3705; x_wconf 82' lang='lat' dir='ltr'><strong>arma</strong></span> 
     </span>
     <span class='ocr_line' id='line_1_33' title="bbox 1117 3736 3027 3821; baseline 0.003 -25"><span class='ocrx_word' id='word_1_249' title='bbox 1117 3736 1346 3798; x_wconf 78' lang='lat' dir='ltr'><strong>tradere</strong></span> <span class='ocrx_word' id='word_1_250' title='bbox 1381 3746 1691 3819; x_wconf 82' lang='lat' dir='ltr'><strong>cogantur,</strong></span> <span class='ocrx_word' id='word_1_251' title='bbox 1738 3740 1865 3799; x_wconf 89' lang='lat' dir='ltr'><strong>sine</strong></span> <span class='ocrx_word' id='word_1_252' title='bbox 1904 3740 2001 3805; x_wconf 86' lang='lat' dir='ltr'><strong>his</strong></span> <span class='ocrx_word' id='word_1_253' title='bbox 2042 3738 2257 3820; x_wconf 79' lang='lat' dir='ltr'><strong>praedae</strong></span> <span class='ocrx_word' id='word_1_254' title='bbox 2297 3740 2510 3801; x_wconf 84' lang='lat' dir='ltr'><strong>vicinis</strong></span> <span class='ocrx_word' id='word_1_255' title='bbox 2548 3739 2784 3821; x_wconf 88' lang='lat' dir='ltr'><strong>populis</strong></span> <span class='ocrx_word' id='word_1_256' title='bbox 2815 3737 3027 3815; x_wconf 73' lang='lat' dir='ltr'><strong>fiituri,</strong></span> 
     </span>
     <span class='ocr_line' id='line_1_34' title="bbox 1115 3834 2458 3916; baseline 0.003 -23"><span class='ocrx_word' id='word_1_257' title='bbox 1115 3834 1331 3913; x_wconf 89' lang='lat' dir='ltr'><strong>quibus</strong></span> <span class='ocrx_word' id='word_1_258' title='bbox 1355 3835 1643 3916; x_wconf 74' lang='lat' dir='ltr'><strong>hactenus</strong></span> <span class='ocrx_word' id='word_1_259' title='bbox 1668 3834 1953 3897; x_wconf 85' lang='lat' dir='ltr'><strong>dominari</strong></span> <span class='ocrx_word' id='word_1_260' title='bbox 1978 3837 2458 3898; x_wconf 69' lang='lat' dir='ltr'><strong>consuevissent!</strong></span> 
     </span>
    </p>

    <p class='ocr_par' dir='ltr' id='par_1_8' title="bbox 1053 3913 3027 4210">
     <span class='ocr_line' id='line_1_35' title="bbox 1053 3913 3025 4015; baseline 0.002 -24"><span class='ocrx_word' id='word_1_261' title='bbox 1053 3962 1074 3983; x_wconf 64' lang='grc' dir='ltr'>ι</span> <span class='ocrx_word' id='word_1_262' title='bbox 1194 3936 1296 3991; x_wconf 85' lang='grc'><strong>62.</strong></span> <span class='ocrx_word' id='word_1_263' title='bbox 1341 3929 1546 3992; x_wconf 82' lang='lat' dir='ltr'><strong>Caesar</strong></span> <span class='ocrx_word' id='word_1_264' title='bbox 1580 3913 1819 3993; x_wconf 73' lang='lat' dir='ltr'><strong>omnino</strong></span> <span class='ocrx_word' id='word_1_265' title='bbox 1858 3931 2013 3993; x_wconf 90' lang='lat' dir='ltr'><strong>tradi</strong></span> <span class='ocrx_word' id='word_1_266' title='bbox 2058 3952 2223 3992; x_wconf 83' lang='lat' dir='ltr'><strong>arma</strong></span> <span class='ocrx_word' id='word_1_267' title='bbox 2252 3933 2548 4013; x_wconf 87' lang='lat' dir='ltr'><strong>jubebat:</strong></span> <span class='ocrx_word' id='word_1_268' title='bbox 2594 3942 2612 3970; x_wconf 80' lang='lat'><em>⁶</em></span> <span class='ocrx_word' id='word_1_269' title='bbox 2632 3954 2719 4005; x_wconf 86' lang='lat' dir='ltr'><strong>se,</strong></span> <span class='ocrx_word' id='word_1_270' title='bbox 2760 3933 2923 4015; x_wconf 92' lang='lat' dir='ltr'><strong>quod</strong></span> <span class='ocrx_word' id='word_1_271' title='bbox 2960 3935 3025 3995; x_wconf 88' lang='lat' dir='ltr'><strong>in</strong></span> 
     </span>
     <span class='ocr_line' id='line_1_36' title="bbox 1119 4026 3025 4111; baseline 0.003 -24"><span class='ocrx_word' id='word_1_272' title='bbox 1119 4026 1368 4088; x_wconf 80' lang='lat' dir='ltr'><strong>Nerviis</strong></span> <span class='ocrx_word' id='word_1_273' title='bbox 1387 4028 1657 4101; x_wconf 59' lang='lat' dir='ltr'><strong>fecisset,³</strong></span> <span class='ocrx_word' id='word_1_274' title='bbox 1670 4030 2086 4111; x_wconf 86' lang='lat' dir='ltr'><strong>imperaturum</strong></span> <span class='ocrx_word' id='word_1_275' title='bbox 2106 4029 2397 4103; x_wconf 87' lang='lat' dir='ltr'><strong>finitimis,</strong></span> <span class='ocrx_word' id='word_1_276' title='bbox 2419 4039 2486 4090; x_wconf 90' lang='lat' dir='ltr'><strong>ut</strong></span> <span class='ocrx_word' id='word_1_277' title='bbox 2506 4031 2778 4110; x_wconf 87' lang='lat' dir='ltr'><strong>injuriam</strong></span> <span class='ocrx_word' id='word_1_278' title='bbox 2803 4052 2875 4091; x_wconf 81' lang='lat' dir='ltr'><strong>ac</strong></span> <span class='ocrx_word' id='word_1_279' title='bbox 2902 4034 3025 4093; x_wconf 87' lang='lat' dir='ltr'><strong>vim</strong></span> 
     </span>
     <span class='ocr_line' id='line_1_37' title="bbox 1119 4125 3027 4210; baseline 0.003 -26"><span class='ocrx_word' id='word_1_280' title='bbox 1119 4126 1196 4184; x_wconf 87' lang='lat' dir='ltr'><strong>ab</strong></span> <span class='ocrx_word' id='word_1_281' title='bbox 1221 4125 1314 4186; x_wconf 89' lang='lat' dir='ltr'><strong>his</strong></span> <span class='ocrx_word' id='word_1_282' title='bbox 1340 4126 1714 4189; x_wconf 74' lang='lat' dir='ltr'><strong>abstineant-⁹</strong></span> <span class='ocrx_word' id='word_1_283' title='bbox 1797 4125 1923 4187; x_wconf 89' lang='lat' dir='ltr'><strong>His</strong></span> <span class='ocrx_word' id='word_1_284' title='bbox 1958 4129 2020 4188; x_wconf 89' lang='lat' dir='ltr'><strong>in</strong></span> <span class='ocrx_word' id='word_1_285' title='bbox 2055 4126 2338 4210; x_wconf 90' lang='lat' dir='ltr'><strong>oppidum</strong></span> <span class='ocrx_word' id='word_1_286' title='bbox 2374 4128 2683 4201; x_wconf 87' lang='lat' dir='ltr'><strong>nuntiatis,</strong></span> <span class='ocrx_word' id='word_1_287' title='bbox 2721 4137 2889 4189; x_wconf 80' lang='lat' dir='ltr'><strong>tanta</strong></span> <span class='ocrx_word' id='word_1_288' title='bbox 2928 4131 3027 4191; x_wconf 82' lang='lat' dir='ltr'><strong>vis</strong></span> 
     </span>
    </p>
   </div>
   <div class='ocr_carea' id='block_1_7' title="bbox 1011 4222 3025 4307">
    <p class='ocr_par' dir='ltr' id='par_1_9' title="bbox 1011 4222 3025 4307">
     <span class='ocr_line' id='line_1_38' title="bbox 1011 4222 3025 4307; baseline 0.004 -26"><span class='ocrx_word' id='word_1_289' title='bbox 1011 4260 1022 4270; x_wconf 88' lang='lat'><strong>·</strong></span> <span class='ocrx_word' id='word_1_290' title='bbox 1120 4236 1415 4283; x_wconf 75' lang='lat' dir='ltr'><strong>armorum</strong></span> <span class='ocrx_word' id='word_1_291' title='bbox 1440 4223 1502 4284; x_wconf 90' lang='lat' dir='ltr'><strong>in</strong></span> <span class='ocrx_word' id='word_1_292' title='bbox 1531 4222 1749 4283; x_wconf 83' lang='lat' dir='ltr'><strong>fossam</strong></span> <span class='ocrx_word' id='word_1_293' title='bbox 1774 4222 2013 4302; x_wconf 84' lang='lat' dir='ltr'><strong>dejecta</strong></span> <span class='ocrx_word' id='word_1_294' title='bbox 2038 4231 2146 4296; x_wconf 88' lang='lat' dir='ltr'><strong>est,</strong></span> <span class='ocrx_word' id='word_1_295' title='bbox 2184 4234 2253 4285; x_wconf 88' lang='lat' dir='ltr'><strong>ut</strong></span> <span class='ocrx_word' id='word_1_296' title='bbox 2288 4224 2712 4307; x_wconf 87' lang='lat' dir='ltr'><strong>propemodum</strong></span> <span class='ocrx_word' id='word_1_297' title='bbox 2734 4244 3025 4289; x_wconf 79' lang='lat' dir='ltr'><strong>summam</strong></span> 
     </span>
    </p>
   </div>
   <div class='ocr_carea' id='block_1_8' title="bbox 13 4134 17 4680">
    <p class='ocr_par' dir='ltr' id='par_1_10' title="bbox 13 4134 17 4680">
     <span class='ocr_line' id='line_1_39' title="bbox 13 4134 17 4680; baseline 0 0"><span class='ocrx_word' id='word_1_298' title='bbox 13 4134 17 4680; x_wconf 95' lang='lat' dir='ltr'><strong> </strong></span> 
     </span>
    </p>
   </div>
   <div class='ocr_carea' id='block_1_9' title="bbox 1515 4334 2633 4433">
    <p class='ocr_par' dir='ltr' id='par_1_11' title="bbox 1515 4334 2633 4433">
     <span class='ocr_line' id='line_1_40' title="bbox 1515 4334 2633 4433; baseline 0.002 -5"><span class='ocrx_word' id='word_1_299' title='bbox 1515 4380 1578 4427; x_wconf 71' lang='lat'><strong>12</strong></span> <span class='ocrx_word' id='word_1_300' title='bbox 1612 4377 1731 4429; x_wconf 83' lang='lat' dir='ltr'><strong>Vox</strong></span> <span class='ocrx_word' id='word_1_301' title='bbox 1764 4378 1908 4429; x_wconf 72' lang='lat' dir='ltr'><strong>niens</strong></span> <span class='ocrx_word' id='word_1_302' title='bbox 1930 4334 2079 4431; x_wconf 69' lang='lat' dir='ltr'><strong>abest</strong></span> <span class='ocrx_word' id='word_1_303' title='bbox 2101 4378 2168 4430; x_wconf 77' lang='lat' dir='ltr'><strong>ab</strong></span> <span class='ocrx_word' id='word_1_304' title='bbox 2191 4378 2311 4432; x_wconf 80' lang='lat' dir='ltr'><strong>edd.</strong></span> <span class='ocrx_word' id='word_1_305' title='bbox 2336 4384 2457 4432; x_wconf 70' lang='lat' dir='ltr'><strong>ante</strong></span> <span class='ocrx_word' id='word_1_306' title='bbox 2479 4380 2633 4433; x_wconf 77' lang='lat' dir='ltr'><strong>Crev.</strong></span> 
     </span>
    </p>
   </div>
  </div>
 </body>
</html>
