3300 5234
879 466 1088 519 mniu
1138 466 1353 516 cxvr.
1394 464 1740 517 sornam
1753 464 2043 516 aurun.
2407 446 2592 513 5375

336 609 687 689 ingerebant
720 608 930 683 curiae,
972 610 1035 672 in
1074 630 1197 691 qua
1234 610 1465 671 occisus
1497 607 1715 680 fuerat,
1749 628 1826 671 eo
1860 626 2075 689 corpus
2110 606 2250 667 illa·

334 706 483 779 turi,
510 706 622 767 nisi
647 715 811 767 metu
832 726 905 769 ne
927 728 1047 769 una
1074 707 1371 768 theatrum
1396 715 1459 769 et
1476 705 1704 787 templa
1725 706 2024 777 arderent,
2050 723 2249 767 sacer-

336 800 513 864 dotes
548 804 1001 885 prohibuissent.
1109 806 1265 866 Cum
1309 813 1549 885 repente
1593 804 1715 864 duo
1754 803 1998 884 quidam
2039 799 2253 881 gladiis
2275 806 2478 859 Sueten.

335 901 653 973 succincti,
682 922 757 963 ac
788 902 935 962 bina
957 900 1173 982 Jacula
1208 908 1509 979 gestantes
1552 900 1988 962 succenderunt
2030 898 2248 959 lectum
2276 904 2398 953 Dio.

334 997 405 1058 in
442 998 595 1071 foro,
648 999 751 1059 ubi
804 998 969 1079 regia
1019 998 1323 1079 quondam
1380 998 1617 1059 fuerat:
1662 997 2091 1077 confestimque
2133 997 2252 1057 cir·
2275 969 2497 1085 ἓξὲξ·

282 1102 313 1117 ·
336 1097 757 1157 cumstantium
797 1097 977 1157 turba
1012 1115 1151 1157 cum
1190 1095 1485 1177 subselliis
1522 1094 1864 1167 tribunalia,
1903 1112 2251 1173 mensasque
2307 1098 2581 1149 Plumea.

336 1192 889 1265 nummulariorum,
930 1200 992 1253 et
1026 1190 1314 1274 quicquid
1348 1192 1640 1271 lignorum
1681 1193 1739 1251 in
1777 1191 1908 1251 foro
1944 1199 2093 1263 erat,
2115 1208 2252 1249 cum
2275 1161 2370 1213 ἀΰ·

330 1288 471 1371 ipsa
532 1290 757 1351 funeris
824 1310 1047 1371 pompa
1112 1289 1401 1370 donisque
1460 1291 1846 1369 conjecerunt
1907 1289 1968 1347 in
2021 1306 2250 1367 rogum.

338 1385 583 1449 Deinde
623 1386 899 1447 tibicines
934 1394 997 1447 et
1036 1386 1255 1447 scenici
1296 1384 1553 1446 artifices
1575 1392 1822 1456 vestem,
1849 1404 2032 1466 quam
2056 1403 2133 1443 ex
2161 1384 2250 1443 in·
2275 1393 2478 1448 Sueten.

334 1492 663 1545 stu-umento
685 1481 1058 1566 triumphali,
1083 1482 1304 1544 funeris
1328 1482 1762 1545 condecorandi
1796 1502 1998 1554 causa,
2035 1500 2251 1562 accep·

334 1589 469 1642 tam
493 1581 829 1654 induerant,
848 1581 1170 1654 sciderunt,
1198 1582 1645 1661 injeceruntque
1671 1578 1962 1649 flammae3
2007 1586 2070 1639 et
2086 1586 2252 1639 vete-

336 1680 473 1739 rani
513 1698 705 1751 arma,
762 1678 979 1760 quibus
1026 1678 1257 1739 exculti
1306 1677 1696 1739 celebrabant
1744 1676 1940 1749 funuS,
1982 1676 2254 1736 nonnulli

334 1795 591 1837 coronas
612 1778 795 1837 etiam
824 1784 887 1837 et
909 1776 1070 1837 dona
1094 1776 1415 1846 militaria;
1458 1784 1746 1836 matronae
1783 1776 2018 1856 insuper
2043 1772 2252 1854 plerae-

336 1892 461 1952 que
498 1881 861 1933 ornamenta
898 1892 1031 1945 sua,
1058 1892 1195 1954 quae
1238 1873 1545 1952 gerebant,
1588 1880 1652 1932 et
1693 1871 2010 1932 liberorum
2055 1869 2256 1930 bullas

304 1976 521 2049 ·atque
562 1976 907 2050 praetextas.
995 1968 1149 2031 Hac
1174 1969 1416 2030 flamma
1432 1969 1645 2030 domus
1682 1968 1753 2029 L.
1779 1968 2040 2028 Bellieni
2065 1964 2250 2027 defla-
2309 1984 2413 2035 cic.
2425 1988 2553 2037 Phil.

336 2065 573 2144 gravit:
614 2064 923 2145 multaque
964 2074 1029 2125 et
1053 2065 1177 2126 alia
1210 2067 1409 2127 vicina
1433 2065 1565 2126 foro
1593 2064 1851 2125 aedificia
1877 2064 2254 2145 corripuisset
2275 2054 2436 2164 {332⁶-

336 2161 519 2241 ignis,
561 2162 675 2223 nisi
692 2162 917 2223 milites
942 2163 1311 2234 restitissent,
1337 2162 1765 2241 consulumque
1797 2163 1972 2242 jussu
2008 2159 2252 2240 quidam
2380 2150 2398 2168 ⁶

334 2257 724 2340 perditorum,
746 2260 851 2340 qui
894 2258 1038 2320 dolo
1078 2259 1380 2339 augebant
1418 2258 1780 2328 incendium,
1807 2256 1883 2317 de
1919 2276 2066 2337 rupe
2100 2254 2250 2315 Tar-

334 2357 479 2437 peia
502 2348 861 2437 praeitipitati
886 2366 1099 2418 essent.
1181 2356 1326 2418 Nec
1349 2356 1487 2417 ideo
1512 2357 1706 2416 minus
1731 2354 1901 2435 plebs
1926 2354 2192 2414 accensis
2215 2375 2250 2415 e
2275 2374 2494 2442 Appun.

332 2474 483 2533 rogo
508 2452 743 2515 facibus
766 2453 847 2515 ad
870 2454 1117 2516 domum
1145 2454 1468 2514 Brutorum
1492 2463 1557 2514 et
1583 2452 1780 2514 Cassii
1805 2460 2249 2532 ceterorumque
2274 2440 2558 2559 8313an

332 2552 625 2623 cucurrit,
662 2570 881 2632 easque
920 2552 1314 2633 oppugnavit,
1342 2560 1426 2626 et,
1452 2552 1514 2613 vi
1554 2552 1806 2630 rejecta,
1849 2549 2120 2611 minitata
2159 2558 2252 2609 est
2275 2568 2368 2621 &c.
2429 2542 2442 2557 ⁶
2561 2542 2576 2559 ’

334 2646 626 2727 postridie
656 2668 797 2709 cum
836 2650 1014 2709 armis
1048 2648 1257 2709 affore.
2273 2635 2489 2701 APPiffl·

425 2749 565 2805 109.
608 2742 715 2805 Sic
738 2745 1007 2805 sevienti
1032 2743 1185 2805 forte
1210 2764 1275 2803 se
1304 2742 1569 2805 Helvius
1597 2742 1796 2804 Cinna
1813 2743 1956 2803 tulit
1985 2741 2248 2813 obviam,
2273 2747 2479 2821 Suetpn.

333 2846 673 2899 extremum
704 2838 967 2901 officium
991 2840 1397 2922 persoluturus
1420 2841 1637 2911 amico,
1665 2861 1842 2921 quem
1885 2839 1975 2900 uri
2018 2840 2079 2898 in
2121 2838 2252 2898 foro
2273 2812 2492 2943 Βῖξῖω

336 2934 674 3010 audiverat,
729 2956 1071 3019 quanquam
1130 2937 1471 2999 valetudine
1524 2936 1780 3009 infirma,
1830 2945 1894 2997 et
1962 2936 2426 3019 proximamur.
2451 2944 2580 2995 cm.

334 3024 535 3095 noctis
556 3033 691 3095 dira
716 3036 919 3115 quiete
943 3036 1203 3097 territus.
1286 3034 1475 3095 Visus
1501 3044 1631 3095 erat
1656 3035 1895 3095 invitari
1917 3055 1956 3096 a
1989 3033 2251 3106 caesare,
2275 3016 2328 3056 ο*
2339 3008 2482 3059 Bm·

334 3138 403 3189 et
424 3150 567 3191 cum
596 3140 887 3204 renueret,
914 3141 1152 3214 arrepta
1175 3152 1353 3193 manu
1378 3132 1557 3193 trahi.
1642 3131 1798 3193 Erat
1819 3132 2138 3193 multitudo
2159 3132 2252 3191 in-

332 3225 673 3290 fensissima
726 3228 941 3289 Oinnae
983 3227 1289 3301 Cornelio,
1342 3230 1447 3309 qui
1489 3249 1676 3311 nuper
1719 3230 1978 3308 graviter
2017 3238 2146 3289 erat
2187 3229 2250 3287 in

338 3322 645 3385 Caesarem
683 3326 1085 3387 concionatus.
1170 3324 1367 3405 Igitur
1407 3325 1615 3387 audito
1658 3334 1677 3361 ‘
1699 3326 1957 3387 Cinnam
1999 3326 2252 3399 adesse:

332 3430 509 3483 tanto
554 3422 747 3483 furore
798 3423 1099 3485 concitata
1146 3431 1261 3495 est,
1315 3431 1383 3485 ut
1431 3423 1652 3485 frustra
1693 3430 2032 3495 testantem,
2075 3432 2093 3461 ⁴
2133 3424 2252 3484 sibi

336 3517 487 3578 nihil
512 3538 825 3579 commune
850 3538 989 3579 cum
1026 3518 1133 3579 illo
1174 3528 1387 3601 praeter
1420 3540 1748 3599 cognomen
1781 3520 1952 3593 esse,'
1992 3520 2250 3595 ferarum
2309 3540 2424 3593 an.
2443 3544 2580 3597 Mu,

331 3632 501 3675 nore
528 3614 911 3696 discerperet,
937 3624 1237 3697 caputque
1276 3615 1591 3697 praefixum
1624 3616 1814 3677 hastae
1857 3617 2018 3677 circa
2041 3636 2250 3695 rogum
2272 3620 2356 3655 ¹¹·
2369 3612 2422 3657 9.

331 3708 539 3773 ferret.
622 3710 721 3773 Ea
760 3732 943 3773 causa
985 3713 1104 3774 fuit
1155 3712 1231 3775 C.
1279 3712 1513 3785 Cascae,
1558 3714 1664 3801 qui
1706 3724 1768 3775 et
1809 3714 1934 3795 ipse
1975 3714 2249 3774 tribunus
2273 3708 2391 3774 Dio.

336 3808 537 3889 plebis
558 3818 709 3881 erat,
747 3810 1015 3871 libellum
1050 3812 1439 3893 proponendi,
1483 3820 1501 3849 ⁴
1518 3813 1638 3879 ,sibi
1665 3821 1726 3875 et
1752 3810 2009 3873 Servilio
2037 3810 2250 3873 Cascae

338 3905 653 3985 parricidae
690 3926 1021 3988 cognomen
1056 3908 1241 3980 idem,
1269 3916 1527 3969 mentem
1562 3908 1738 3988 longe
1763 3908 2056 3969 diversam
2082 3913 2252 3970 esse!

338 4001 447 4063 ob
494 4002 653 4063 hunc
696 4004 1017 4067 tumultum
1060 4003 1375 4065 edixerunt
1412 4004 1706 4077 consules,
1750 4014 1769 4041 ‘
1793 4024 1868 4064 ne
1911 4006 2044 4085 quis
2085 4025 2252 4067 arma

336 4096 540 4170 ferret,
586 4098 879 4161 militibus
912 4100 1223 4184 exceptis?
1304 4098 1516 4181 Atque
1557 4100 1643 4161 ita
1681 4100 1943 4162 caedibus
1987 4100 2126 4166 finis
2159 4110 2248 4162 est

333 4196 671 4277 impositus.

420 4298 562 4355 110.
609 4292 853 4356 Interea
878 4294 1147 4377 reliquiae
1178 4295 1435 4358 Caesaris
1476 4315 1513 4356 a
1553 4294 1783 4359 libertis
1809 4298 1872 4359 in
1901 4316 2242 4359 monumen-
