3300 5234
889 615 1098 665 mnm
1147 605 1394 665 oxvn.
1437 613 2090 667 surrnnnsuruu.
2416 594 2595 666 5387

367 756 692 840 proposuit,
727 755 812 816 ita
857 757 1188 820 concitatus
1227 737 1318 819 est
1355 757 1547 840 plebis
1585 757 1856 832 affectus,
1898 768 1968 820 ut
2004 757 2267 820 omnium

365 873 466 913 ere
501 854 788 934 patientia
824 854 1004 934 hujus
1037 863 1100 916 et
1137 856 1318 916 animi
1359 853 1704 934 magnitudo
1736 854 2266 926 concelebraretur,

366 959 763 1031 negarentque
807 949 988 1030 vulgo
1037 952 1302 1012 homines
1353 949 1574 1012 diutius
1621 973 1686 1012 se
1738 951 1961 1012 laturos
2010 953 2273 1014 consulis

369 1046 764 1108 insolentiam.
1457 1049 1463 1060 ’

447 1149 550 1204 23.
594 1143 679 1204 Et
721 1153 882 1205 certe
921 1142 1120 1204 studia
1163 1145 1328 1225 vulgi
1353 1145 1510 1206 ludis
1544 1147 1671 1226 qui,
1706 1145 1817 1207 sub
1853 1166 1955 1207 eos
1996 1145 2125 1206 dies
2158 1165 2269 1228 pro

370 1239 566 1302 Bruto
593 1239 940 1312 edebantur,
953 1249 1300 1322 patuerunt.
1383 1241 1725 1324 Receptum
1750 1253 1881 1305 erat
1896 1243 2178 1313 moribus,
2206 1250 2273 1302 ut
2328 1255 2438 1306 Liv.
2458 1271 2583 1306 xxv.

369 1335 756 1418 Apollinares
775 1337 950 1398 ludos
975 1338 1233 1398 urbanus
1256 1347 1474 1421 praetor
1496 1339 1739 1400 faceret.
1824 1338 1949 1399 Sed
1972 1339 2115 1420 quia
2139 1359 2271 1420 per-
2297 1325 2437 1436 ¹23&
2458 1385 2521 1434 nd

368 1453 634 1494 cussores
675 1433 930 1494 Caesaris
971 1434 1086 1496 tuti
1125 1455 1248 1498 esse
1285 1437 1346 1494 in
1388 1435 1562 1497 Urbe
1599 1456 1718 1496 non
1756 1444 2046 1517 poterant,
2082 1437 2273 1495 vicem
2295 1450 2599 1502 Att.xv.1o.

369 1551 538 1592 suam
567 1531 790 1592 Brutus
815 1529 892 1592 C.
916 1530 1186 1592 Antonio
1219 1531 1466 1611 collegoe
1507 1553 1616 1592 suo
1654 1530 2059 1603 demandavit,
2098 1532 2273 1612 eique
2297 1519 2563 1642 Ἅιὲρῗὲῗ·

372 1625 647 1688 ludorum
687 1647 923 1688 suorum
964 1637 1314 1709 apparatum
1356 1628 1693 1690 transdidit.
1778 1628 1864 1688 Et
1882 1628 2000 1688 fuit
2022 1629 2071 1688 is
2096 1627 2274 1708 plane
2299 1645 2435 1694 Plut.
2457 1643 2599 1696 Brut.

372 1721 721 1803 magnificus
745 1734 926 1805 atque
947 1733 1299 1786 sumtuosus.
1381 1723 1524 1786 Nec
1540 1725 1667 1786 ludi
1691 1733 1923 1786 tantum
1943 1724 2274 1806 proscripti,
2332 1741 2441 1792 eie.
2461 1741 2523 1789 nd

373 1819 478 1880 sed
523 1821 705 1882 etiam
755 1820 1038 1903 postridie
1087 1821 1344 1883 venatio.
1447 1819 1788 1903 Sperabant
1846 1841 1923 1882 ea
1968 1821 2277 1902 voluptate
2300 1805 2537 1937 staff-{¹⁶
2551 1808 2603 1857 ⁴·

372 1917 680 1979 delinitam
707 1917 942 1999 plebem
969 1919 1288 2000 aequiorem
1316 1927 1522 2000 postea
1545 1919 1671 1979 fore
1696 1919 2150 2000 percussoribus.
2195 1918 2287 1979 Et·

375 2023 543 2075 erant
567 2013 868 2086 conducti,
897 2033 1000 2096 per
1025 2035 1174 2096 quos
1199 2016 1432 2075 initium
1456 2015 1733 2076 clamoris
1756 2023 2112 2086 nasceretur,
2141 2024 2160 2053 ‘
2185 2035 2277 2075 re-

375 2110 676 2172 vocandos
719 2132 844 2172 esse
889 2113 1200 2194 primarios
1243 2113 1402 2174 viros
1443 2113 1769 2194 populique
1810 2112 2279 2172 amantissimos?
2336 2133 2446 2183 cae,
2462 2133 2590 2185 Phil.

381 2205 467 2267 Et
497 2209 854 2288 sequebatur
886 2209 1204 2280 miseratio,
1239 2209 1570 2288 sensimque
1595 2209 1775 2268 etiam
1810 2208 2021 2288 reliqui
2045 2216 2278 2290 specta-
2304 2217 2355 2312 a
2354 2205 2375 2250 ¹
2378 2203 2607 2312 '‘J-34¹⁴&

376 2313 538 2366 tores
578 2305 915 2386 jungebant
959 2325 1191 2378 vocem,
1233 2305 1486 2366 mirifico
1527 2307 1790 2366 omnium
1840 2304 2095 2387 plausu:
2142 2325 2279 2364 cum
2306 2295 2519 2393 Λρρὶῃζ,

377 2402 584 2480 ingens
623 2400 943 2463 multitudo
981 2402 1174 2484 plebis
1210 2403 1271 2461 in
1315 2403 1606 2462 theatrum
1641 2403 1874 2482 irrupit,
1912 2401 2283 2482 inhibuitque

379 2498 807 2579 spectaculum,
835 2499 1025 2560 donec
1061 2499 1177 2559 ista
1217 2498 1536 2580 postulatio
1563 2499 1795 2579 penitus
1818 2499 2282 2576 extingueretur.

462 2601 564 2655 24.
606 2593 774 2656 Inter
811 2595 943 2656 haec
978 2593 1304 2655 Dolabella
1339 2615 1586 2676 propere
1625 2595 1685 2654 in
1726 2593 1963 2674 Syriam
1991 2594 2283 2675 profecto,

360 2692 524 2772 ‘quia
551 2711 744 2752 rumor
771 2700 900 2752 erat
919 2689 1190 2752 Cassium
1215 2700 1278 2750 et
1305 2690 1560 2751 Brutum
1579 2688 1657 2750 de
1684 2691 1943 2770 antiquis
1968 2691 2288 2770 provinciis

381 2787 745 2869 'occupandis
767 2788 1051 2868 cogitare,
1091 2787 1184 2848 M.
1213 2785 1520 2847 Antonius
1545 2787 1833 2867 respicere
1864 2785 2290 2846 Macedonicas

383 2882 646 2963 legiones
669 2885 872 2965 coepit‚
899 2905 1142 2950 numero
1167 2893 1230 2944 et
1257 2903 1468 2962 genere
1493 2883 1749 2943 militum
1776 2882 2031 2952 validas,
2058 2882 2287 2942 multis-

382 3000 501 3061 que
547 2979 798 3060 adjectis
843 2981 1168 3059 equitibus,
1215 2988 1280 3039 et
1319 2979 1436 3040 levi
1479 2987 1799 3039 armatura.
1880 2977 2009 3038 Per
2050 2978 2289 3039 eosdem
2352 3007 2357 3012 ·

383 3075 511 3137 dies
535 3076 708 3150 forte,
735 3097 812 3137 an
839 3075 1046 3137 fraude
1074 3076 1253 3148 illius,
1283 3076 1620 3157 percrebuit
1639 3076 1823 3147 fama,
1852 3073 2043 3135 Getas
2062 3077 2119 3134 in
2150 3076 2289 3135 Ma-

383 3173 696 3234 cedoniam
723 3175 1060 3255 irrumpere.
1148 3171 1247 3233 De
1283 3174 1398 3234 hac
1436 3171 1514 3232 ad
1552 3180 1819 3232 senatum
1852 3171 2127 3242 referens,
2156 3182 2173 3208 ‘
2200 3173 2291 3231 in-

385 3277 602 3330 teresse
629 3269 972 3352 reipublicae
993 3272 1008 3296 ’
1029 3268 1208 3341 dixit,
1239 3278 1257 3306 ‘
1279 3289 1395 3328 non
1422 3268 1640 3329 deduci
1670 3289 1709 3328 a
1734 3267 2097 3329 Macedonia
2120 3289 2291 3329 exer-

386 3367 596 3438 citum,
619 3368 722 3447 qui
748 3377 810 3427 et
830 3368 1012 3448 ipsius
1029 3365 1285 3426 Caesaris
1304 3365 1692 3426 destinatione
1714 3366 1873 3446 prius
1888 3364 2085 3438 Getis,
2114 3385 2293 3445 quern

389 3463 640 3524 Parthis
686 3463 1028 3524 coercendis
1080 3470 1459 3544 comparatus
1508 3472 1681 3522 esset.
1756 3461 2067 3531 Praeterea
2119 3463 2295 3521 nihil-

389 3559 532 3620 dum
572 3580 651 3621 ex
703 3559 954 3619 Parthis
991 3558 1202 3619 hostile
1248 3559 1545 3620 nuntiari.'
1638 3545 1897 3618 Senatus
1944 3558 2297 3619 mittendum

389 3657 550 3738 prius
602 3654 682 3716 ad
743 3677 836 3717 res
888 3655 1266 3716 Macedoniae
1321 3653 1722 3735 inspiciendas
1774 3652 2001 3732 legatos
2047 3654 2295 3716 censuit.

393 3751 557 3825 Nec,
585 3761 906 3834 expectato
940 3772 1144 3813 eorum
1165 3751 1392 3824 ²reditu,
1434 3750 1761 3809 exercitum
1799 3749 2071 3810 Antonio
2094 3748 2296 3810 decre-

391 3843 636 3920 verunt,
651 3849 841 3910 multa
875 3857 1000 3908 tum
1035 3846 1316 3928 temporis
1357 3847 1587 3906 senatui
1623 3853 1794 3923 grata
1827 3843 2093 3905 facienti.
2176 3845 2297 3905 At-

393 3964 511 4024 que
537 3945 642 4006 ille
665 3965 801 4006 cum
830 3946 1038 4006 amieis
1077 3941 1419 4005 Dolabellae
1446 3949 1657 4022 pactus
1692 3949 1805 4012 est,
1835 3951 1903 4000 ut
1926 3961 2101 4002 unam
2130 3943 2187 4000 ci
2214 3941 2300 4001 le-

395 4041 634 4120 gionem
685 4042 970 4112 mitteret,
1014 4048 1244 4101 ceteras
1283 4040 1546 4119 quinque
1593 4037 1888 4098 retineret.
1970 4037 2127 4098 Post
2172 4039 2301 4097 baec

394 4140 610 4201 reversi
637 4157 718 4198 ex
745 4136 1111 4199 Macedonia
1149 4136 1346 4197 nullos
1376 4137 1461 4196 ibi
1495 4135 1675 4195 fuisse
1714 4133 1905 4194 Getas
1940 4134 2297 4194 retulerunt:

395 4233 638 4314 adjecto
663 4242 884 4307 tamen,
922 4236 980 4293 in
1025 4233 1280 4294 Antonii
1310 4240 1376 4292 ut
1411 4239 1652 4312 putatur
1677 4231 1947 4309 gratiam,
1976 4229 2298 4311 periculum

396 4353 524 4392 esse
549 4353 623 4392 ue
655 4333 896 4405 irruant,
924 4333 974 4391 si
999 4351 1078 4391 ex
1102 4329 1464 4390 Macedonia
1489 4327 1753 4406 legiones
1775 4327 2163 4387 deducantur.

481 4435 582 4489 25.
626 4427 784 4489 Cum
827 4427 954 4488 haec
989 4426 1360 4500 obtinuisset,
1399 4425 1658 4488 colorem
1696 4423 2030 4505 reportandi
2070 4425 2135 4486 in
2170 4419 2301 4486 Itu-
