3300 5234
788 599 998 652 mam
1045 599 1323 650 cxvm.
1363 599 2011 650 supremarum.
2342 585 2532 650 541⁷-

291 749 422 804 ru¹m
446 744 711 824 cognita,
733 742 1167 816 confirmarent,
1203 745 1282 805 ab
1317 743 1616 805 altissimis
1647 741 1959 804 arboribus
1992 741 2193 804 efferri

289 839 451 902 facee
477 847 755 902 accensae
783 843 1106 922 jusserunt.
1192 839 1428 902 Deinde
1453 859 1588 902 cum
1621 840 1685 900 id
1724 859 1931 922 parum
1968 838 2189 900 inteili-

291 945 546 1016 geretur,
569 946 806 998 tenuem
832 937 1060 1021 plumbi
1086 939 1368 998 laminam
1399 937 1582 998 literis
1613 937 1923 1018 insculpt‘m
1944 935 2190 998 convol-
2246 941 2465 992 nonun-

290 1044 523 1106 verunt,
553 1053 690 1116 quae
713 1057 817 1118 per
845 1036 1196 1096 urinatorem
1221 1034 1469 1114 alligata
1497 1035 1743 1096 brachio
1768 1035 1881 1096 sub
1904 1053 2065 1115 aqua
2086 1033 2191 1094 de·
2212 1007 2479 1124 {fft'ffss-

291 1131 560 1193 ferretur.
623 1133 779 1195 Cum
805 1133 920 1194 boc
945 1132 1122 1194 modo
1143 1153 1302 1214 saepe
1327 1141 1753 1194 commeassent
1774 1131 1983 1204 literae,
2010 1139 2193 1210 atque

218 1244 222 1247 ·
289 1238 458 1312 parte
485 1223 852 1302 Scultennae,
893 1250 1028 1311 quoe
1061 1250 1216 1292 nunc
1249 1251 1488 1312 quoque
1531 1230 1831 1290 Mutinam
1867 1229 2069 1303 intrat,
2096 1249 2191 1290 sa-
2248 1234 2515 1310 enganni.

289 1328 434 1399 lem,
477 1348 598 1409 quo
643 1328 900 1389 maxime
943 1326 1286 1408 indigebant
1327 1327 1572 1398 obsessi,
1621 1325 1835 1408 cuppis
1879 1325 2191 1398 inclusum,
2215 1299 2515 1414 Afifflssgffi

287 1425 550 1506 itemque
565 1445 782 1506 pecora
798 1424 1264 1496 intromisissentg
1295 1425 1552 1486 sentiens
1569 1424 1733 1506 quod
1750 1424 2037 1504 agebatur
2052 1426 2187 1484 An·
2208 1429 2359 1480 strat.
2382 1447 2471 1482 m.

288 1503 508 1595 tonius,
533 1523 684 1584 retia
707 1543 814 1604 per
840 1541 1074 1583 amnem
1099 1522 1376 1594 tetendit,
1403 1521 1616 1603 quibus
1641 1521 1843 1582 omnia
1865 1521 1996 1582 haec
2022 1521 2186 1583 exci-
2214 1499 2342 1610 ἔξω
2358 1577 2413 1610 x.
2429 1560 2514 1611 ⁸⁷.

287 1626 586 1700 petentur.
666 1618 823 1680 Tum
847 1619 928 1681 ad
954 1619 1137 1680 aliam
1162 1621 1440 1680 astutiam
1465 1620 1793 1692 transitum,
1813 1629 1876 1680 et
1898 1618 2205 1681 columbae.
2246 1623 2463 1674 Frontin.

287 1733 428 1776 cum
463 1707 726 1798 epistolis
763 1716 920 1777 ultro
953 1717 1225 1797 citroque
1249 1716 1462 1778 missoe.
1545 1717 1905 1797 Priusquam
1930 1689 2191 1776 dimitte-
2205 1688 2358 1805 {3⁰⁸²
2381 1705 2468 1740 ¹¹¹·

285 1823 512 1887 rentur,
537 1815 598 1875 in
624 1815 872 1875 obscuro
897 1813 1032 1875 loco
1058 1812 1216 1874 fame
1241 1815 1711 1876 macerabantur.
1774 1811 2011 1874 Deinde
2037 1813 2193 1894 epis-
2299 1875 2308 1884 ,

288 1910 428 1972 tolae
466 1920 595 1972 seta
633 1909 1034 1990 religabantur
1077 1910 1157 1970 ad
1198 1909 1438 1971 collum.
1496 1955 1522 1966 -
1539 1907 1644 1971 Sic
1684 1909 1963 1982 dimissae,
2009 1929 2190 1990 quam

287 2007 558 2088 proxime
577 2009 796 2068 ‘urbem
832 2015 1085 2089 poterat,
1123 2008 1244 2070 cibi
1278 2007 1544 2086 lucisque
1581 2006 1877 2067 desiderio
1909 2007 2193 2088 petebant

286 2123 518 2164 summa
539 2123 790 2184 quaeque
815 2102 1094 2176 aedificia,
1135 2105 1224 2164 ibi
1259 2103 1742 2186 excipiebantur:
1783 2103 1991 2184 utique
2028 2111 2188 2183 post-

288 2221 469 2282 quam
495 2199 802 2261 intellecta
823 2221 886 2260 re
910 2201 1109 2260 cibum
1135 2201 1314 2260 certis
1327 2200 1476 2260 loeis
1499 2199 1787 2259 collocari
1814 2199 2038 2259 Brutus
2052 2201 2189 2279 jus-

286 2305 462 2358 serat.
537 2296 782 2358 Eredem
817 2295 1034 2358 deinde
1060 2297 1508 2358 remittebantur
1538 2317 1575 2357 a
1603 2296 1797 2357 Bruto
1812 2315 1950 2359 cum
1976 2293 2188 2368 literis,
2210 2315 2339 2367 Ptin.

288 2392 423 2456 loca
447 2403 586 2455 nota
619 2403 970 2476 repetentes.

368 2497 470 2552 31.
489 2481 616 2552 ‘sic
661 2491 974 2554 obfirmato
1008 2491 1086 2552 ad
1117 2489 1484 2552 tolerandam
1515 2490 1882 2572 obsidionem
1907 2489 2185 2561 Decimo,
2211 2516 2329 2570 Dio.

287 2587 612 2660 Antonius,
639 2587 804 2649 fratri
831 2587 1019 2649 Lucio
1051 2587 1321 2658 custodia
1353 2607 1598 2668 operum
1623 2584 1703 2648 ad
1746 2587 2041 2648 Mutinam
2080 2587 2185 2648 de·
2258 2638 2267 2654 .

287 2684 591 2757 mandata,
629 2693 824 2746 castra
861 2686 1116 2746 bostium
1157 2685 1364 2745 castris
1404 2685 1697 2766 opposuit.
1778 2683 2021 2744 Crebrae
2048 2684 2187 2744 inde
2212 2714 2422 2780 ‘4993OE-

285 2781 683 2855 velitationes,
724 2782 829 2844 sed
871 2783 1019 2846 nihil
1056 2782 1136 2844 ad
1175 2799 1366 2843 rerum
1397 2800 1719 2842 summam:
1760 2781 1911 2842 inter
1950 2801 2101 2862 quas
2126 2789 2189 2842 et
2212 2781 2329 2831 Dio.

289 2875 462 2938 Galli
483 2879 735 2961 equites,
771 2901 923 2962 quos
953 2899 1089 2941 cum
1101 2878 1444 2960 elephantis
1475 2877 1552 2938 ad
1581 2878 1881 2938 cesarem
1894 2877 2188 2939 defecisse

283 2973 567 3048 diximus,
591 2961 674 3038 αᾶ
694 2975 1026 3038 Antonium
1055 2976 1369 3049 redierunt,
1407 2975 1582 3037 clade
1617 2976 1800 3036 etiam
1825 2975 2029 3058 aliqua
2048 2975 2185 3038 (3ae-

285 3072 532 3134 sarianis
551 3073 722 3134 illata
742 3094 761 3144 3
791 3083 856 3134 et
873 3075 1030 3136 inter
1050 3073 1428 3157 pabulatores
1450 3074 1661 3134 oborto
1680 3073 2021 3145 certamine,
2050 3091 2189 3136 suos

287 3189 640 3251 unoquoque
673 3181 928 3232 conante
963 3171 1301 3243 defendere,
1339 3172 1552 3232 acriter
1588 3178 1936 3252 pugnatum,
1962 3171 2185 3252 superi-

284 3285 466 3346 orque
484 3264 754 3329 discessit
779 3267 1097 3328 Antonius.
1180 3267 1428 3328 Interim
1456 3267 1540 3328 P.
1573 3253 1897 3327 Ventidius
1920 3285 1999 3328 ex
2020 3267 2185 3328 colo·
2208 3280 2422 3346 Appiam.

285 3363 402 3422 niis
427 3361 686 3426 Caesaris
719 3367 900 3426 instar
932 3365 1182 3426 duarum
1217 3364 1508 3445 legionum
1539 3363 1807 3444 collegit,
1846 3373 2021 3425 notus
2054 3363 2181 3446 ple-

283 3462 478 3542 risque
511 3471 575 3522 et
602 3463 830 3523 militiae
865 3464 1078 3524 socius.
1163 3461 1375 3543 Magni
1419 3462 1556 3524 inde
1581 3483 1841 3524 rumores
1864 3463 2185 3523 extiterunt

283 3557 344 3617 in
375 3557 568 3631 Urbe,
588 3577 726 3620 cum
748 3579 822 3620 eo
847 3579 1162 3642 properare
1201 3560 1540 3621 audiretur:
1567 3560 1953 3641 fugerentque
1986 3561 2181 3632 multi,
2220 3621 2239 3632 ,

285 3661 464 3734 atque
501 3655 655 3716 inter
701 3675 808 3717 eos
842 3657 1076 3717 Cicero.
1159 3655 1283 3716 Sed
1334 3658 1691 3736 conjungere
1739 3677 1801 3715 se
1845 3657 2179 3738 cupientem

286 3750 557 3812 Antonio
582 3751 934 3814 Ventidium
960 3752 1164 3815 Caesar
1187 3763 1251 3813 et
1277 3752 1517 3814 Hirtius
1534 3752 1934 3813 excluserunt.
2019 3753 2185 3832 Ergo

287 3847 582 3928 profectus
607 3849 666 3910 in
693 3849 1011 3926 Picenum,
1037 3851 1120 3910 ibi
1141 3870 1380 3932 quoque
1415 3849 1745 3912 delectibus
1765 3850 2003 3922 habitis,
2032 3850 2181 3910 alia-

285 3963 400 4024 que
426 3945 761 4028 conscripta·
784 3940 1038 4027 legione,
1066 3948 1428 4028 temporibus
1452 3947 1865 4008 insidiabatur.

365 4045 466 4102 32.
512 4040 677 4102 Dum
703 4044 832 4106 haec
849 4046 908 4105 in
932 4044 1101 4105 Urbe
1121 4053 1184 4106 et
1205 4044 1390 4126 Italia
1405 4044 1578 4118 fiunt,
1601 4044 1697 4106 M.
1718 4041 1944 4106 Brutus
1956 4044 2017 4104 in
2038 4043 2177 4104 Ma·
2204 4045 2505 4114 Dimum.

283 4137 536 4199 cedonia
559 4149 622 4200 et
646 4139 834 4222 Epiro
859 4161 951 4203 res
973 4162 1110 4202 suas
1141 4143 1445 4222 insigniter
1469 4143 1659 4202 auxit.
1744 4140 1821 4203 C.
1848 4140 2174 4213 Antonius,
2201 4145 2330 4196 Plut.
2365 4149 2499 4200 Brut.

283 4255 616 4316 progressus
651 4237 1064 4319 Apolloniam,
1104 4259 1177 4300 eo
1218 4240 1563 4301 contrahere
1599 4238 1882 4321 quicquid
1924 4238 2176 4299 militum

281 4331 491 4393 vicinis
515 4333 664 4395 locis
689 4343 836 4408 erat,
861 4335 1228 4398 moliebatur.
1315 4333 1437 4397 Sed
1479 4338 1582 4400 nbi
1615 4346 1679 4398 et
1712 4336 1805 4397 illi
1829 4356 1892 4396 se
1918 4336 1996 4396 ad
2020 4337 2175 4397 Bru-

281 4435 406 4490 tum
431 4431 630 4510 potius
669 4432 1064 4507 contulerunt,
1109 4443 1171 4492 et
1201 4432 1628 4516 Apolloniatas
1660 4433 1871 4496 eodem
1895 4433 2175 4495 inclinare

409 4543 584 4610 Delph.
604 4551 652 4596 et
682 4545 796 4598 Ver.
822 4547 953 4598 Clas.
1295 4547 1479 4602 Livius.
2042 4575 2069 4604 x
2222 4552 2285 4600 15
2318 4547 2369 4599 Y
