3300 5234
691 493 865 561 5270

1608 509 1682 562 Τ.
1733 509 1930 559 lell

1016 651 1221 714 Ponto
1262 651 1553 730 resistens,
1584 651 1688 717 sed
1731 653 1878 734 quia
1919 672 2110 734 neque
2145 651 2460 734 procedere
2505 651 2686 714 nostri
2725 662 2920 725 metu,

1016 769 1207 830 neque
1232 733 1463 811 redire
1448 769 1510 810 ιιι
1536 769 1804 828 regnum,
1832 749 2114 810 Asandro
2139 749 2508 830 probibente,
2535 757 2750 830 potest.

1100 851 1196 908 17.
1238 844 1539 927 “Atque
1522 867 1573 906 is
1606 846 1846 926 quidem
1883 847 2040 906 bono
2064 847 2258 909 omine
2283 865 2376 905 res
2399 853 2696 944 gesturum
2719 852 2933 925 putat,

978 1019 984 1026 ἢ
1016 939 1175 1020 quod
1220 961 1293 1001 eo
1336 941 1469 1002 loco
1512 951 1712 1002 castra
1758 942 1976 1022 posuit,
2015 941 2170 1001 unde
2217 938 2552 1023 progressus
2585 949 2756 1022 pater
2787 942 2926 1018 ejus

1014 1035 1309 1097 Triarium
1346 1057 1481 1098 cum
1506 1037 1714 1118 paucis
1736 1049 1800 1098 et
1837 1037 2238 1148 incompositis
2273 1046 2490 1098 temere
2535 1057 2600 1096 se
2629 1036 2920 1115 objicien-

1016 1143 1137 1194 tem
1162 1135 1487 1216 superavit.
1571 1134 1695 1194 Sed
1729 1134 1780 1194 si
1805 1154 1926 1214 qua
1949 1134 2208 1196 manium
2237 1133 2610 1196 Mithridatis
2633 1131 2760 1192 ullo
2785 1130 2924 1199 loco

1019 1239 1279 1313 potestas
1299 1241 1411 1302 est,
1448 1232 1581 1312 quis
1618 1232 1872 1304 dubitet,
1899 1232 2043 1312 quin
2083 1233 2274 1294 omnis
2305 1253 2344 1292 a
2381 1232 2550 1292 nobis
2587 1239 2812 1296 statura
2841 1230 2928 1288 sit

1017 1337 1227 1388 eontra
1272 1326 1746 1388 scelestissimum
1787 1328 2190 1409 parricidam?
2251 1329 2456 1396 Quare
2491 1328 2638 1388 mihi
2681 1327 2928 1408 quidem

1016 1424 1195 1485 stulte
1220 1424 1507 1503 delegisse
1528 1425 1724 1486 locum
1749 1425 2003 1496 videtur,
2034 1427 2138 1506 qui
2164 1427 2347 1507 patris
2367 1425 2708 1486 memoriam
2735 1422 2933 1484 ullam

908 1601 913 1611 .
1018 1521 1289 1582 retineat.
1354 1521 1539 1594 Haec,
1566 1524 1696 1584 haec
1717 1521 1958 1584 nefandi
1976 1521 2258 1596 facinoris
2279 1523 2638 1584 conscientia
2655 1521 2928 1592 saucium

1020 1619 1353 1698 exagitabit
1390 1621 1673 1691 animum,
1718 1619 1966 1681 consilia
2007 1620 2326 1692 emovebit,
2371 1619 2686 1680 audaciam
2727 1616 2928 1697 depr-i.-

1022 1724 1181 1776 met:
1225 1716 1339 1776 hoc
1364 1717 1419 1776 ei
1439 1717 1576 1778 loco
1598 1716 1974 1778 Mithridatis
1991 1725 2301 1778 occurrent
2317 1717 2561 1787 umbrae,
2584 1715 2934 1793 hominiun

1020 1811 1303 1874 damnato
1328 1821 1392 1872 et
1413 1812 1802 1894 deprehenso,
1827 1814 2266 1894 vindictamque
2290 1821 2634 1894 praesentem
2671 1829 2926 1891 prae-senff

1022 1910 1215 1980 tienti,
1261 1929 1537 1982 errorem,
1585 1911 2141 1984 consternationem,
2178 1911 2494 1971 amentiam
2533 1908 2705 1970 furiae
2747 1909 2936 1990 patris

1024 2005 1371 2088 impingent.

1110 2107 1208 2162 18.
1252 2111 1269 2136 ‘
1302 2102 1388 2162 Et
1416 2103 1544 2163 haec
1584 2103 1854 2183 quidem,
1895 2105 2040 2185 quia
2072 2105 2298 2165 viribus
2331 2104 2604 2164 humanis
2625 2101 2928 2183 superiora

1024 2205 1181 2268 sunt,
1223 2199 1556 2278 quamlibet
1591 2200 1888 2280 egregium
1924 2201 2180 2279 dejicere
2224 2203 2636 2282 imperatorem
2669 2207 2924 2280 posent.

1026 2293 1423 2372 Pharnaces,¹
1467 2316 1661 2375 neque
1687 2295 1814 2356 nlla
1837 2317 1900 2356 re
1925 2318 2140 2376 magna
2165 2307 2352 2376 gesta,
2392 2317 2584 2376 neque
2609 2295 2799 2375 patri,
2827 2296 2928 2374 qui

1026 2401 1221 2452 tamen
1251 2393 1427 2453 toties
1468 2413 1507 2452 a
1544 2393 1850 2453 Romano«
1867 2393 2056 2454 milite
2089 2395 2287 2456 victus
2325 2403 2436 2464 est,
2481 2391 2929 2474 comparandus,

1024 2486 1184 2548 furto
1208 2509 1389 2568 quam
1428 2487 1591 2548 bello
1615 2489 1846 2560 melior,
1885 2499 1952 2549 et
1981 2493 2121 2548 soc’²
2133 2492 2320 2611 peti
2323 2511 2394 2550 us
2422 2489 2720 2550 timendus
2755 2507 2934 2568 quam.

1026 2586 1205 2656 hosti,
1247 2585 1409 2664 quod
1442 2606 1577 2646 cum
1612 2584 1886 2646 Domitio
1923 2543 2142 2645 tirones
2181 2589 2255 2644 d·
2281 2596 2456 2659 ‚nte,
2495 2595 2559 2646 et
2599 2585 2750 2646 meis
2784 2593 2930 2644 tem-

1027 2681 1270 2760 poribus
1307 2680 1585 2742 festinare
1619 2690 1829 2742 contra
1874 2681 2020 2742 belli
2061 2681 2350 2742 rationen.
2394 2690 2624 2754 .t,oacto
2663 2681 2937 2762 praelium

1028 2796 1367 2858 prosperum
1407 2776 1573 2850 fecit,
1615 2787 1720 2839 aut
1753 2779 1978 2840 viribus
2005 2779 2128 2839 suis
2158 2787 2262 2838 aut
2301 2777 2585 2839 felicitate
2621 2777 2932 2838 confidat?

1028 2873 1341 2940 Quantula
1365 2877 1527 2934 enim
1552 2873 1684 2946 illa,
1723 2875 1772 2934 si
1797 2877 1998 2936 omnia
2021 2885 2281 2957 reputes,
2323 2877 2594 2948 victoria,
2633 2884 2743 2936 aut
2763 2879 2943 2955 eujus.

1029 2969 1181 3030 adeo
1208 2970 1405 3031 laudis
1430 2970 1588 3031 suit?
1661 2971 1754 3032 Ut
1795 2973 1954 3033 enim
1990 2972 2068 3033 de
2107 2993 2184 3032 ea
2221 2974 2430 3054 paucis
2467 2973 2773 3044 disseram,
2817 2992 2944 3043 una,

1026 3085 1212 3126 cansa
1250 3087 1511 3140 moveor,
1554 3087 1627 3126 ne
1670 3065 1822 3128 forte
1861 3067 2104 3148 quidam
2139 3089 2340 3129 eorum
2379 3069 2482 3148 qui
2525 3068 2944 3140 interfuerunt„

1028 3162 1254 3222 viribus
1288 3163 1564 3234 hostium,
1601 3171 1708 3222 aut
1734 3163 2047 3244 prudentia
2076 3166 2230 3244 regis
2254 3184 2317 3224 se
2343 3166 2534 3226 victos
2559 3165 2932 3225 arbitrentur.

1032 3258 1203 3318 Nam
1228 3258 1516 3341 plerique,
1554 3260 1699 3320 satis
1723 3261 1884 3331 novi,
1921 3263 2204 3322 memoria
2229 3281 2442 3342 pugnae
2477 3262 2668 3332 istius,
2709 3281 2830 3322 non
2857 3260 2932 3322 ad

1031 3356 1322 3426 timorem,
1356 3355 1461 3416 sed
1496 3357 1668 3427 iram,
1706 3355 1814 3416 sed
1848 3357 2238 3438 cupiditatem
2261 3357 2528 3430 ultionis,
2565 3357 2672 3418 sed
2696 3359 2936 3439 impati-

1031 3452 1253 3510 entiam
1294 3471 1497 3524 morae,
1538 3462 2000 3513 commoventur.
2077 3453 2172 3512 Hi
2209 3453 2453 3534 quidem
2489 3455 2756 3515 veterani
2801 3454 2936 3524 mei,

1035 3550 1247 3624 (sextae
1272 3547 1519 3628 legionis
1536 3547 1758 3608 milites
1781 3549 2064 3609 innuebat
2067 3552 2115 3628 )
2135 3550 2214 3609 ab
2239 3551 2352 3610 hoc
2387 3549 2543 3609 sicut
2564 3551 2782 3610 ceteris
2805 3551 2937 3609 hos-

1034 3643 1195 3703 tibus
1232 3644 1464 3717 invicti,
1495 3664 1684 3723 neque
1717 3647 1831 3704 ista
1860 3647 2434 3716 commemoratione,
2473 3666 2665 3725 neque
2700 3647 2938 3704 omnino

1032 3740 1440 3800 cohortatione
1487 3759 1619 3799 mea
1660 3738 1943 3818 indigent.
2049 3739 2174 3800 Sed
2217 3749 2282 3801 et
2321 3750 2496 3801 sexta
2537 3749 2602 3800 et
2644 3741 2938 3814 tricesima

1034 3834 1193 3914 legio
1216 3835 1347 3896 sola
1368 3836 1644 3895 sustinuit
1667 3844 1860 3896 totum
1881 3837 2212 3898 exercitum
2237 3838 2422 3916 regis3
2461 3837 2686 3898 amissis
2711 3837 2941 3919 paucis,

1034 3930 1251 3992 frustra
1272 3930 1557 4011 impedire
1582 3933 1813 3992 conatis
1835 3933 2124 4004 hostibus,
2157 3953 2241 4004 se,
2269 3953 2390 4012 quo
2414 3934 2624 4006 voluit,
2649 3936 2896 4015 recepit.

1118 4035 1280 4088 19.‘
1312 4025 1497 4094 Quod
1523 4037 1722 4088 autem
1749 4039 2060 4110 acceptum
2084 4037 2175 4089 est
2197 4028 2554 4103 detrimenti,
2597 4050 2792 4112 neque
2825 4031 2944 4090 mi-.

1035 4121 1241 4184 litibus
1288 4124 1702 4208 imputandum
1746 4133 1859 4198 est,
1907 4146 2098 4208 neque
2148 4125 2320 4188 ducis
2363 4127 2694 4208 imperitiae,
2745 4147 2930 4208 neque

1478 4337 1503 4384 1
1535 4331 1615 4385 In
1626 4331 1750 4387 edd.
1774 4341 1898 4389 ante
1923 4327 2077 4388 cr‘ev.
2103 4334 2528 4401 prepositura..
