3300 5234
651 1088 662 1101 .
766 1080 832 1113 11.

767 1128 900 1182 Caes.

763 566 938 677 ⁵19⁶

785 869 970 919 Lucan.
993 884 1050 917 iv

759 939 878 986 717.

797 998 890 1049 Fro

889 998 1016 1049 ntin·

1734 628 1810 677 '1'-
1856 628 2055 679 leu
2089 638 2101 645 “

1094 790 1332 851 pergere
1363 772 1632 846 Uticam,
1649 774 1901 855 jamque
1920 772 2081 835 baud
2107 771 2314 855 procul
2334 770 2559 856 oppido
2576 770 2819 835 distare.
2882 772 3011 835 Sea

1051 902 1070 919 ·
1093 888 1168 931 ea
1201 869 1360 931 fraus
1397 870 1745 931 Maurorum
1771 880 1937 931 eratt
1980 872 2425 953 praemissusque
2452 870 2689 933 Sabura
2714 890 3009 933 rumorem

1091 986 1229 1028 eum
1263 977 1577 1050 sparserat.
1659 968 1941 1029 Ceterum
1976 989 2085 1029 rex
2110 988 2251 1030 cum
2280 967 2557 1031 omnibus
2582 969 2775 1051 copiis
2790 990 3009 1049 seque-

1090 1065 1286 1223 bulg..
1318 1161 1414 1224 At
1439 1162 1650 1233 Curio,
1676 1163 1992 1244 praemissis
2014 1163 2206 1245 prima
2233 1171 2409 1223 nocte
2442 1162 2769 1243 equitibus,
2792 1173 3011 1245 quarta

1091 1259 1298 1340 vigilia
1321 1280 1458 1322 cnm
1485 1259 1815 1339 legionibus
1840 1260 1919 1320 ad
1938 1270 2135 1321 castra
2154 1260 2407 1323 Saburae
2422 1261 2750 1323 contendit.
2832 1261 3011 1325 Huic

969 1388 974 1393 ·
1091 1356 1323 1437 equites
1343 1366 1681 1429 occurrunt,
1708 1378 1833 1417 rem
1858 1378 1897 1417 a
1914 1378 1978 1417 se
2002 1358 2155 1419 bene
2180 1366 2409 1438 gestam
2434 1360 2731 1419 nuntiant.
2815 1358 3009 1442 Cupi-

1091 1454 1252 1517 ditas
1297 1454 1552 1516 hominis
1587 1456 1780 1535 magis
1822 1453 2241 1517 inflammatur.
2327 1456 2565 1524 Quaerit
2598 1476 2679 1517 ex
2728 1458 3009 1538 captivis,

1091 1552 1230 1632 quis
1252 1554 1460 1613 castris
1485 1552 1564 1613 ad
1598 1552 1943 1633 Bagradam
1976 1554 2217 1635 praesit?
2258 1552 2658 1636 Respondent
2682 1554 3009 1616 Saburam.

1091 1648 1241 1721 Ille,
1259 1650 1460 1711 studio
1483 1649 1841 1712 conficiendi
1867 1652 2113 1723 itineris,
2138 1654 2357 1733 quaerit
2378 1653 2541 1713 ultra
2561 1652 2734 1726 nihil,
2762 1672 3011 1715 conver-

1091 1764 1306 1829 susque
1332 1746 1412 1807 ad
1449 1769 1610 1821 suos,
1639 1758 1661 1786 ‘
1684 1748 1971 1821 Videtis:
2004 1750 2220 1830 inquit,
2251 1760 2270 1787 ⁶
2291 1750 2501 1811 eadem
2538 1752 2743 1811 omnia
2780 1762 2847 1813 et
2880 1752 3015 1825 hos,

1091 1852 1158 1907 ct
1197 1844 1474 1926 perfugas
1520 1845 1845 1907 Uticenses
1884 1845 2123 1908 dicere-⁹
2207 1848 2458 1909 Summa
2498 1846 2719 1909 deinde
2760 1848 3013 1909 festina-

1091 1942 1254 2003 tioue
1297 1942 1572 2023 procedit
1603 1942 1685 2004 ad
1728 1943 1979 2003 hostem.
2063 1944 2159 2005 At
2202 1945 2309 2005 ille
2354 1945 2735 2007 simulatione
2784 1944 3017 2007 timoris

1091 2037 1384 2119 paulatim
1431 2039 1613 2112 cedit,
1658 2040 2107 2121 juvenilemque
2153 2043 2413 2103 animum
2458 2044 2649 2121 magis
2698 2044 3013 2123 magisque

1090 2158 1262 2200 vanae
1287 2137 1615 2199 alacritatis
1641 2138 1875 2219 implet.
1962 2138 2067 2200 Sic
2092 2140 2153 2199 in
2182 2148 2453 2220 patentes
2476 2160 2721 2221 campos
2744 2149 3015 2220 protrac-

1089 2244 1212 2308 tus,
1237 2237 1506 2319 equitatu
1545 2236 1875 2297 Numidico
1910 2237 2387 2298 circumvenitur.
2472 2236 2641 2297 Fessi
2670 2245 2843 2297 erant
2878 2236 3016 2298 Ro-

1091 2336 1252 2395 mani
1293 2335 1528 2415 equites
1571 2334 1921 2416 peditesque
1964 2335 2191 2396 itineris
2242 2334 2703 2416 longinquitate,
2748 2333 3017 2396 sedecim

1091 2432 1355 2493 millibus
1383 2440 1699 2514 passuum‘¹
1722 2432 2041 2503 confectis3
2069 2433 2298 2514 equites
2320 2434 2504 2493 etiam
2528 2432 2846 2513 superioris
2870 2452 3017 2493 noc·

1089 2529 1170 2589 tis
1214 2530 1442 2611 praelio.
1527 2528 1725 2611 Igitur
1760 2550 1899 2591 cum
1942 2550 2135 2610 neque
2176 2530 2401 2591 timidis
2446 2529 2525 2590 ad
2564 2529 2791 2609 fugam,
2818 2548 3019 2610 nsque

1089 2620 1342 2684 fortibus
1375 2623 1456 2685 ad
1491 2623 1877 2705 pugnandum
1900 2624 2057 2685 vires
2094 2632 2487 2705 superessent,
2512 2620 2824 2685 occidione
2852 2630 3021 2685 totus

1088 2721 1392 2781 exercitus
1413 2720 1686 2783 caeditur.
1772 2718 1913 2801 Ipse
1942 2720 2152 2792 Curio,
2192 2741 2333 2783 cum
2367 2721 2487 2782 Cn.
2515 2718 2825 2780 Domitius
2860 2739 3017 2801 με·

1089 2816 1284 2878 fectus
1309 2819 1580 2898 equitum
1607 2818 1959 2888 hortaretur,
1986 2826 2055 2878 ut
2078 2817 2225 2898 sug-a
2246 2817 2501 2879 salutem
2528 2825 2833 2898 peteret‚‘
2860 2836 3021 2877 nun-

1093 2934 1272 2995 quam
1293 2934 1358 2975 se
1378 2916 1727 2977 venturum'
1752 2913 1979 2987 dixit,‘
2001 2916 2063 2975 in
2083 2926 2463 2997 conspectum
2490 2914 2769 2987 Caesaris,
2798 2917 3022 2976 amisso

1093 3030 1272 3091 quem
1309 3031 1434 3071 stiae
1461 3010 1603 3071 fidei
1641 3011 1997 3073 credidisset
2038 3013 2347 3073 exercitu?
2430 3012 2644 3091 Atque
2682 3012 2792 3083 ita,
2818 3020 2893 3072 ut
2928 3032 3025 3073 res

1095 3109 1428 3170 temeritate
1475 3129 1585 3169 suia
1645 3109 1911 3190 perditas
1956 3119 2144 3171 morte
2192 3118 2560 3190 sequeretur,
2608 3108 2892 3189 praeliam
2931 3111 3026 3170 in·

1096 3204 1378 3266 ter-fectus
1417 3214 1527 3267 est.
1613 3205 1740 3265 His
1782 3208 1959 3267 rebus
2010 3206 2253 3279 auditis,
2302 3227 2487 3269 naves
2532 3226 2671 3286 quae
2708 3205 2791 3267 ad
2822 3216 3026 3269 castra

1099 3304 1390 3366 Cornelia
1403 3305 1671 3376 stabant,
1691 3324 1829 3365 cum
1856 3306 2065 3386 paucis
2082 3304 2395 3377 militibus,
2417 3304 2523 3387 qui
2550 3302 2629 3365 ad
2655 3304 2911 3385 primm
2934 3304 3022 3365 rei

1098 3403 1322 3465 famam
1347 3423 1422 3463 eo
1445 3401 1849 3476 decurrerant,
1874 3404 1939 3463 in
1966 3402 2243 3463 Siciliam
2266 3402 2537 3464 celeriter
2562 3422 2625 3461 se
2651 3412 3023 3485 receperunt.

1101 3498 1355 3583 Reliqui
1395 3502 1566 3578 (nam
1605 3500 1869 3581 quinque
1912 3501 2186 3561 cohortes
2222 3498 2499 3584 praesidio
2539 3497 2769 3560 relictae
2810 3500 3027 3561 castris

1099 3598 1366 3679 fuerant)
1396 3598 1568 3659 Varo
1591 3618 1655 3659 se
1689 3596 2065 3659 dediderunt.

1179 3704 1284 3759 65.
1327 3697 1612 3758 Ceterum
1637 3694 1805 3757 Juba
1828 3716 1949 3757 suae
1978 3694 2247 3758 victoria}
2274 3693 2526 3777 praemia
2550 3692 2751 3754 alieno
2776 3692 3031 3755 arbitrio

1100 3794 1288 3855 minui
1311 3814 1430 3856 non
1457 3786 1626 3875 posse
1664 3792 1970 3866 dictitans,
2014 3812 2293 3874 magnam
2332 3810 2537 3852 eorum
2574 3798 2809 3872 partem
2840 3791 3027 3852 inter-

1099 3890 1282 3953 fecit:
1321 3900 1554 3953 ceteros
1574 3890 1737 3951 misit
1761 3892 1823 3951 in
1848 3910 2132 3970 reg-nunu
2178 3888 2399 3949 frustra
2420 3895 2823 3967 conquerente
2848 3886 3027 3948 Varo

1099 3988 1481 4051 suamfidem
1507 3991 1586 4050 ab
1611 4008 1687 4049 eo
1711 3988 1873 4051 laedi.
1956 3987 2079 4050 Sed
2104 4006 2243 4049 eum
2267 3984 2421 4046 adeo
2444 4004 2553 4045 rex
2578 3985 3027 4058 contemnebat,
3112 4065 3121 4073 ·

1103 4094 1173 4146 ut
1195 4087 1257 4147 in
1282 4086 1572 4169 oppidum
1601 4087 1893 4157 invectus,
1914 4085 2119 4146 multis
2142 4083 2349 4166 populi
2368 4082 2637 4143 Romani
2652 4082 3033 4143 senatoribus

1103 4186 1620 4268 prosequentibus,
1644 4204 1781 4265 quse
1806 4183 1935 4245 fieri
1958 4184 2146 4247 vellet
2168 4183 2371 4243 Uticae
2398 4190 2581 4263 atque
2606 4182 2667 4241 in
2694 4178 3029 4262 provincia,

1105 4304 1214 4364 pro
1263 4285 1511 4365 imperio
1555 4284 1960 4345 constitueret.
2053 4283 2295 4351 Quibus
2333 4279 2565 4341 effectis
2602 4280 2803 4352 rebus,
2842 4276 3027 4360 paulo

1261 4508 1288 4543 Ἰ
1321 4497 1540 4551 Sedecim
1567 4497 1782 4553 millibus
1798 4498 2049 4567 mum]
2083 4499 2271 4553 Leucis
2294 4498 2414 4566 plus
2436 4496 2684 4564 quinque.
2726 4494 2873 4546 cm.
