3300 5234
823 588 1029 638 mam
1084 587 1266 638 CXV.
1311 586 1962 638 SUPPLEMRNTUM·

267 749 697 812 nonnunquam
730 729 1039 794 lictoribus
1072 739 1255 812 atque
1286 731 1599 804 militibus,
1629 732 1734 811 qui
1759 732 1810 792 si
1835 747 1960 812 qua
1985 738 2182 792 custo·

268 829 383 888 des
406 827 779 900 fefellissent,
795 831 931 909 jam
964 829 1238 909 apposita
1264 849 1299 888 e
1326 829 1552 889 mensis
1581 830 1726 910 ipsis
1752 827 2046 889 afferrent.

352 931 459 986 29.
502 924 783 986 Correxit
816 933 883 986 et
914 925 1119 997 fastos,
1152 925 1516 1007 jampridem
1554 926 1926 1006 superiorum
1957 934 2186 1006 tempo-
2243 929 2458 997 Appias.

2335 571 2510 638 ⁶821
2562 613 2577 642 ,-

2211 996 2321 1047 civ.
2337 1014 2397 1048 ιι.
2421 999 2508 1049 fin.

268 1041 404 1081 rum
432 1023 784 1101 ignorantia,
823 1030 889 1082 et
912 1043 1018 1104 per
1044 1021 1349 1083 licentiam
1375 1022 1790 1094 intercalandi,
1814 1023 1958 1082 dum
1991 1021 2186 1104 ponti·
2212 1063 2364 1112 Solia.
2393 1080 2440 1114 c.
2463 1067 2512 1114 3·

269 1115 419 1178 ficos
442 1119 504 1178 iu
541 1120 795 1198 gratiam
833 1118 1281 1200 publicanorum
1308 1120 1666 1190 extendunt,
1693 1128 1799 1180 aut
1831 1120 2190 1180 contrahunt
2213 1127 2345 1178 Plut.
2367 1127 2497 1179 caes.

2244 1193 2442 1244 Sueton-

267 1222 568 1298 tempora,
608 1217 695 1277 ita
729 1218 1017 1290 turbatos,
1044 1225 1113 1276 ut
1138 1237 1329 1298 neque
1353 1218 1629 1278 messium
1658 1216 1820 1278 seriae
1839 1217 2058 1289 aestati,
2087 1237 2190 1277 ne·-
2213 1255 2342 1308 cm·
2363 1263 2447 1309 4⁰.

267 1331 392 1392 que
433 1313 865 1396 vindemiarum
907 1325 1192 1375 autumno
1232 1315 1690 1397 responderent:
1735 1323 1801 1376 et
1837 1317 1992 1396 jam,
2026 1314 2190 1396 quod
2247 1323 2422 1387 Scalig.
2449 1322 2512 1372 de

2212 1387 2470 1440 Emendat.

268 1431 349 1470 ex
392 1413 809 1474 emendatione
839 1412 1091 1474 Gnatis
1127 1412 1500 1493 intelligitur,
1526 1415 1633 1495 qui
1660 1431 1726 1475 v.
1757 1412 1972 1474 Nonas
2000 1413 2188 1475 Octo·
2211 1451 2380 1520 Temp.
2405 1471 2469 1503 n·

266 1507 411 1568 bres
435 1529 563 1569 esse
586 1509 877 1570 debuerat
890 1509 1060 1582 dies,¹
1097 1511 1449 1592 principium
1476 1510 1613 1571 anni
1632 1511 1974 1573 haberetur.
2061 1510 2188 1590 Igi-
2247 1519 2346 1567 Dio
2367 1529 2420 1568 et

264 1612 393 1677 tur,
420 1605 739 1688 repudiata
753 1619 1020 1669 veterum
1043 1607 1292 1679 ratione,
1328 1608 1433 1687 qui
1458 1609 1647 1668 secuti
1685 1609 1842 1668 lunae
1868 1606 2188 1669 revolutio·

266 1723 383 1766 nes
399 1703 659 1779 fuerant,
682 1706 762 1768 ad
784 1707 929 1768 solis
946 1727 1181 1768 cursum
1206 1707 1528 1777 ordinavit,
1553 1694 1858 1789 AEgyptiis
1883 1706 2188 1779 adhibitis,
2248 1713 2380 1768 Plin.
2397 1730 2516 1786 vm.
2557 1736 2564 1746 ·

264 1809 335 1860 et
360 1803 624 1884 principe
649 1805 909 1864 omnium
940 1803 1251 1883 Sosigene,
1272 1823 1424 1884 quos
1450 1799 1851 1864 Alexandriae
1877 1803 2188 1866 consulue-

266 1909 369 1959 rat
383 1920 402 1968 ς
446 1909 511 1959 et
532 1900 626 1960 M.
650 1901 865 1962 Flavio
889 1903 1087 1962 scriba
1113 1903 1436 1962 annitente.

201 2011 209 2018 ·
344 2002 451 2057 30.
494 1996 617 2057 Sed
645 1997 1049 2060 Alexandrini
1070 2000 1325 2060 tricenos
1343 1997 1471 2058 dies
1497 1999 1559 2058 in
1582 2019 1812 2060 menses
1831 1999 2060 2080 partiti,
2076 2000 2190 2060 sub
2245 1995 2384 2047 Mac.
2411 1995 2516 2048 ΒΜ·

2049 2099 2060 2110 .
2145 2098 2158 2111 .
2214 2077 2234 2111 1

2211 1582 2429 1652 Appian-

2211 1784 2298 1831 οε.
2353 1845 2359 1852 ,

2241 2067 2351 2112 .14.
2368 2069 2418 2112 et
2435 2067 2512 2112 15.

266 2089 459 2152 finem
506 2095 647 2154 anni
698 2096 978 2176 quinque‘
1012 2095 1275 2176 reliquos
1325 2094 1653 2157 addebant.
1753 2095 1834 2157 Id
1885 2095 2192 2178 displicuit
2245 2128 2484 2178 Herodot.

270 2189 527 2263 cesari,
552 2192 865 2284 potiusque
891 2194 1105 2264 visum,
1130 2203 1195 2255 et
1220 2193 1358 2254 illos
1376 2196 1635 2274 quinque
1661 2194 1813 2267 dies,
1840 2204 1903 2255 et
1927 2194 2076 2255 alios
2099 2196 2188 2256 in·
2212 2206 2275 2242 1¹·
2297 2193 2406 2243 init.

2245 2256 2346 2307 Dio
2363 2265 2418 2308 et

264 2308 451 2370 super
474 2288 623 2350 duos
650 2290 975 2352 Februario
998 2290 1357 2364 detractos,¹¹¹
1379 2293 1560 2353 certis
1580 2293 1880 2353 mensibus
1903 2292 2188 2372 adjicere,
2213 2321 2411 2373 Sueten.
2433 2330 2485 2371 et

266 2394 335 2446 et
358 2387 725 2468 quadrantes
748 2389 892 2458 diei.
922 2391 1023 2467 (eo
1046 2391 1209 2450 enim
1242 2389 1427 2451 ferme
1464 2391 1662 2472 spatio
1702 2389 1847 2451 solis
1881 2393 2191 2452 conversio
2215 2388 2412 2464 censor.
2431 2388 2494 2438 ‘¹0

270 2483 408 2546 dies
432 2494 725 2546 trecentos
748 2487 1059 2567 sexaginta
1076 2489 1339 2568 quinque
1354 2493 1643 2570 superat,)
1669 2487 1973 2567 colligere,
1999 2489 2192 2551 donee
2213 2453 2264 2567 (13
2265 2469 2361 2570 Ἑρ,
2388 2528 2441 2567 ot

2347 2453 2396 2502 N
2399 2462 2468 2505 at.

266 2601 351 2642 ex
380 2582 481 2648 his.
499 2583 773 2645 confecta
790 2583 921 2644 dies
938 2594 1153 2666 quarto
1171 2605 1410 2666 quoque
1438 2605 1591 2646 anno
1618 2585 2090 2660 intercalaretur,
2117 2607 2190 2646 eo
2215 2583 2362 2632 ovid.
2384 2583 2422 2632 F
2424 2591 2515 2637 ut.

2215 2665 2301 2698 ur.
2339 2655 2452 2700 15⁵.

266 2699 477 2740 mense
502 2701 574 2741 ae
594 2680 751 2754 loco,
778 2703 899 2763 quo
934 2683 1113 2744 etiam
1136 2682 1297 2764 apud
1320 2692 1553 2743 veteres
1576 2682 1914 2744 intercalari
1942 2704 2190 2746 consue·-
2215 2713 2436 2766 Mamm

267 2787 469 2850 verat,
498 2779 563 2838 id
590 2789 700 2852 est,
730 2789 871 2840 ante
894 2781 1159 2862 quinque
1185 2781 1425 2841 ultimos
1450 2779 1762 2842 Februarii
1787 2781 2004 2842 mensis
2026 2781 2190 2842 dies:

266 2873 457 2956 idque
498 2876 826 2937 bissextum
858 2879 1091 2939 censuit
1136 2877 1586 2960 appellandum,
1624 2877 1787 2959 quod
1822 2879 2098 2939 nimirum
2128 2878 2192 2940 id

265 2970 525 3032 biduum
560 2993 669 3054 pro
714 2994 833 3035 uno
873 2973 973 3035 die
1018 2975 1246 3048 haberi,
1296 2984 1360 3036 et
1402 2974 1563 3036 diem
1606 2984 1846 3038 sextum
1881 2975 2192 3038 Kalendas

270 3067 539 3129 Martias
557 3073 759 3133 vocari
784 3070 1047 3132 volebat.

350 3171 457 3227 31.
503 3165 599 3227 Ut
621 3169 800 3247 igitur
826 3179 951 3230 tam
976 3167 1131 3230 foede
1158 3167 1401 3229 laxatus
1428 3189 1617 3230 annus
1640 3170 1722 3231 ad
1749 3170 2007 3232 siderum
2027 3169 2188 3232 coeli·

266 3283 397 3343 que
420 3263 583 3344 leges
604 3274 999 3338 revocaretur,
1036 3286 1173 3327 cum
1195 3266 1333 3326 illos
1356 3286 1752 3348 supervacuos
1769 3269 1923 3340 dies,
1951 3267 2030 3330 ad
2053 3289 2191 3328 sex-

266 3362 479 3439 aginta
500 3371 751 3443 septem,
789 3364 945 3424 inter
972 3361 1392 3460 Novembrem'
1422 3383 1496 3429 ac
1524 3363 1920 3426 Decembrem
1945 3367 2192 3447 interje-
2215 3369 2414 3420 sueton.

335 3575 351 3610 ¹
387 3577 492 3634 Qua·
534 3579 587 3629 V.
638 3581 805 3632 Nonas
838 3582 1067 3632 Octobres
1096 3597 1198 3633 esse

266 3641 501 3692 debuerat
530 3645 659 3710 dies]
695 3647 855 3714 Eryc.
902 3649 1193 3706 Puteanus,

270 3707 369 3755 lib.
400 3711 467 3756 de
500 3709 767 3772 Bissexto,
800 3726 849 3762 c.
888 3717 969 3762 1⁰.
1006 3713 1195 3776 probat

271 3771 546 3850 Kalendas
582 3774 865 3853 Janusrias
908 3779 1022 3856 ejus
1069 3779 1193 3828 anni

270 3841 1197 3958 Ξὶῒὲω52ἒοῗῖῗηῖἳέιῖῧά3ὲῖἓὲἨὲ

268 3967 491 4027 Julisni,
524 3969 717 4033 idest,
743 3971 881 4022 diem
912 3975 993 4022 13.
1028 3974 1195 4023 Octo·

270 4033 405 4149 ¹:2⁸3}
413 4036 459 4085 si
482 4044 661 4085 nostro
682 4051 828 4088 more
850 4052 1193 4089 numeremus.

278 4227 295 4242 .
336 4169 375 4197 ¹·
404 4131 481 4215 'Et
512 4165 623 4216 illos
640 4165 845 4231 quinque
864 4168 987 4244 dies,
1006 4175 1055 4219 et
1075 4168 1199 4219 alios

270 4243 484 4345 ‘32:553
495 4233 1197 4359 sssszt..f.:.⁶:·;3zt‘:232‘:33:::!

270 4361 361 4420 qui
385 4361 519 4410 duos
541 4360 655 4410 dies
678 4362 766 4412 uni
800 4377 832 4412 e
866 4365 1127 4414 mensibus
1165 4379 1199 4416 a

274 4423 484 4476 eae-are
524 4425 795 4478 detractos
829 4430 1035 4487 scribit,
1077 4445 1197 4480 cum

278 4488 447 4538 nulius
481 4495 691 4542 omnino
724 4495 979 4546 mensium
1014 4511 1046 4546 a
1084 4496 1200 4547 Cie-

404 4568 583 4634 Detpk.
597 4579 643 4621 ιε
667 4573 787 4624 var.
800 4575 933 4626 cm.

1270 3591 1386 3632 sare
1430 3581 1502 3632 sit
1558 3582 1876 3636 imminutus.
1943 3585 2190 3636 Eri-orem

1262 3647 1413 3698 auxit
1431 3647 1839 3710 Freinshemius,
1855 3649 1944 3712 qui
1960 3665 2190 3700 mensem

1263 3713 1408 3764 illum
1435 3713 1774 3763 Februarium
1797 3730 1911 3764 esse
1945 3715 2191 3776 affirmat,

1263 3794 1383 3829 cum
1438 3786 1643 3828 constet
1695 3793 1764 3827 ex
1821 3782 2191 3830 consentiente

1266 3845 1586 3908 scriptorum
1624 3847 1848 3893 omnium
1876 3846 2191 3902 testimonio,

1266 3909 1612 3959 Februarium
1685 3910 1976 3974 antiquitus
2047 3913 2190 3976 apud

1266 3973 1530 4024 Romanos
1569 3973 1964 4032 duodetriginta
2002 3975 2189 4026 diebus

1266 4053 1477 4088 censum
1518 4053 1654 4095 esse,
1697 4047 1758 4089 ut
1813 4041 2073 4106 hodieque
2123 4057 2192 4092 ex

1265 4104 2195 4158 Caesarisordinationenumeramus.

1269 4170 1451 4221 Annus
1496 4170 1763 4220 Romanus
1818 4170 2020 4221 dierum
2076 4181 2193 4222 erat

1266 4238 1387 4286 8⁶5.
1456 4235 1585 4284 Dies
1620 4235 1802 4284 decem
1840 4236 2042 4286 addidit
2077 4237 2192 4287 Cae-

1266 4313 1372 4361 sar,
1388 4315 1517 4366 quos
1542 4303 1596 4350 in
1620 4301 1786 4351 varios
1800 4315 2002 4351 menses
2017 4298 2196 4352 distri·

2238 2981 2298 3030 L.
2313 2987 2397 3032 98.
2415 2980 2486 3034 D·
2515 3016 2518 3022 ·

2213 3046 2276 3095 de
2301 3047 2500 3097 Verbor-

2214 3113 2386 3178 signis.

1270 4365 1401 4428 buit,
1428 4375 1487 4416 ut
1523 4366 1706 4417 videre
1738 4367 1864 4416 iicet
1899 4368 2038 4432 apud
2081 4370 2192 4418 Ma·
2255 4413 2263 4423 .

1268 4431 1503 4482 erobium
1528 4441 1585 4483 et
1607 4433 1969 4485 Censorinum.
2006 4435 2150 4484 cm.

1291 4577 1483 4628 Livias.

2237 4543 2304 4631 ἰε
2343 4583 2391 4634 o
