3300 5234
852 572 1061 622 mem
1110 572 1275 621 cix.
1318 570 1969 621 suessanus-run.
2333 554 2510 623 6145

266 716 669 788 inimicorum,
694 735 897 777 omnes
920 718 1182 779 rationes
1202 736 1343 777 suas
1376 718 1463 777 ita
1488 717 1761 798 parabat,
1787 724 1878 790 ut,
1901 714 1952 777 si
1975 713 2181 777 volen-

268 814 433 875 tibus
456 814 727 875 obtinere
754 814 919 903 quod
940 815 1225 896 cupiebat
1244 814 1538 895 nequiret,
1567 812 1666 875 vel
1691 815 1893 875 invitis
1911 812 2186 873 omnibus

268 920 706 991 assequeretur.
789 910 985 990 Igitur
1020 914 1153 992 jam
1198 930 1237 970 a
1274 911 1462 972 multo
1502 920 1766 992 tempore
1805 909 1980 983 nihil,
2019 908 2182 991 quod

268 1018 379 1068 aut
402 1008 487 1068 ad
514 1010 767 1088 gratiam
790 1010 1091 1069 bominum
1116 1007 1465 1089 parandam,
1496 1016 1601 1069 aut
1624 1007 1705 1069 ad
1729 1028 1876 1089 opes
1899 1028 2036 1069 suas
2058 1016 2182 1069 sta-
2243 1012 2445 1064 Sueten.

270 1104 579 1165 biliendas
614 1107 956 1187 pertineret,
992 1107 1461 1186 praetermiserat.
1544 1106 1766 1165 Forum
1803 1086 2185 1167 inchoaverat
2206 1077 2384 1194 offis
2389 1084 2510 1197 ‘0²3⁸-

268 1201 351 1261 de
376 1204 702 1275 manubiis,
728 1202 858 1264 solo
891 1211 1121 1264 tantum
1144 1223 1319 1284 super
1344 1204 1672 1263 sestertium
1703 1199 1952 1263 millies‘
1983 1212 2180 1263 emto}
2207 1208 2404 1261 etc-2..
2425 1216 2478 1259 et

266 1318 493 1362 munus
511 1298 739 1381 populo
760 1298 1119 1381 epulumque
1142 1301 1551 1380 pronuntiarat
1576 1299 1639 1358 in
1654 1296 1798 1359 filiae
1817 1296 2181 1371 memoriam,
2202 1270 2379 1388 Pffi·

266 1416 413 1456 cum
452 1396 513 1456 in
540 1397 825 1457 mortibus
853 1402 1250 1457 matronarum
1286 1393 1351 1455 id
1380 1395 1575 1456 adbuc
1596 1415 1770 1455 nemo
1792 1396 2068 1457 fecisset:
2095 1396 2182 1456 le·
2208 1417 2404 1451 xxxv.
2427 1406 2507 1453 1⁶.

266 1494 551 1572 gionibus
588 1492 989 1603 stipendium
972 1513 1035 1551 ιιι
1058 1500 1405 1575 perpetuum
1431 1491 1878 1574 duplicaverat·
1923 1492 2184 1555 frumen
2210 1466 2443 1584 εἶκαὶ.
2458 1538 2511 1581 ot

266 1598 403 1649 tum
448 1610 609 1669 soepe
648 1590 775 1649 sine
818 1588 997 1649 modo
1036 1608 1110 1649 ac
1145 1608 1416 1649 mensura
1453 1590 1821 1670 praebnerat.
1865 1590 2184 1671 mancipia,
2207 1600 2296 1650 38.

267 1686 509 1767 predia
550 1686 765 1747 viritim
808 1686 1234 1747 distribuerat·
1218 1730 1233 1745 .
1286 1687 1523 1765 regibus
1575 1686 1946 1767 captivorum
1997 1686 2189 1748 millia

268 1782 445 1843 dono
480 1783 754 1856 dederat,
794 1792 859 1843 et
896 1784 1053 1845 citra
1084 1792 1324 1843 senatus
1352 1784 1635 1865 populive
1663 1784 1896 1862 jussum
1933 1784 2184 1857 auxilia,

267 1880 555 1959 quotiens
576 1889 639 1940 et
660 1900 779 1960 quo
796 1880 1097 1961 petioeent,
1124 1881 1396 1941 miserat:
1425 1878 1648 1951 Italiae,
1673 1878 1922 1952 Galliae,
1952 1876 2184 1962 Hispee-

268 1977 533 2047 nitrum,
561 1976 731 2037 Asiae
754 1996 991 2058 quoque
1016 1984 1079 2036 et
1102 1974 1358 2035 Graeciae
1382 1976 1557 2037 urbes
1581 1976 1998 2037 munitissimas
2034 1996 2183 2057 prae-

266 2074 471 2155 cipuis
492 2075 769 2156 operibus
792 2083 1129 2136 exornarat.
1208 2072 1363 2134 Tum
1389 2094 1531 2135 vero
1556 2082 1619 2134 et
1642 2074 1859 2135 milites
1883 2076 2182 2156 conscrip-
2207 2094 2326 2146 Dio.

266 2174 371 2245 sit,
400 2180 469 2232 ct
490 2172 757 2253 pecuniis
788 2170 1213 2233 coacervandis
1236 2170 1481 2243 studuit,
1508 2172 1786 2252 omnique
1809 2170 1987 2234 modo
2009 2192 2182 2233 exer-

266 2270 467 2331 cimm
488 2268 605 2328 sibi
630 2289 807 2349 quam
832 2268 1443 2330 benevolentissimum
1467 2266 1719 2329 efficere.

354 2373 461 2427 18.
506 2364 681 2427 Inter
701 2365 831 2427 haec
855 2374 920 2426 et
940 2365 1303 2447 provinciam
1338 2364 1635 2427 ordinavit
1657 2385 1888 2426 summa
1910 2365 2184 2426 humani·
2206 2376 2342 2429 Hirt-

268 2471 441 2533 tate3
493 2463 609 2522 nisi
650 2462 833 2543 quod,
875 2462 1149 2544 imposito
1184 2464 1431 2533 tributo,
1466 2463 1686 2524 victam
1719 2484 1785 2523 se
1819 2463 1995 2524 fateri
2031 2462 2184 2525 Gal-
2207 2476 2316 2526 Sex.
2339 2476 2422 2525 Ru
2425 2476 2460 2528 f.

270 2559 425 2622 liam
448 2562 670 2639 coegit.
755 2558 835 2620 Id
858 2580 1107 2641 quoque
1142 2580 1249 2641 pro
1290 2560 1691 2639 magnitudine
1716 2570 1782 2621 et
1816 2562 2030 2643 opibus
2053 2582 2188 2643 pro-
2207 2542 2285 2591 ν(
2287 2542 2378 2593 ¹¹³
2381 2546 2512 2595 ¹··⁸⁹

270 2659 611 2721 vincius-um
646 2657 985 2720 modicum.
1034 2657 1555 2737 quadringentiens
1598 2659 1658 2717 in
1702 2657 1966 2738 singulos
2003 2678 2190 2720 annos

270 2755 563 2837 stipendii
612 2756 843 2815 nomine
905 2755 1157 2815 conferri
1204 2756 1405 2836 jussit.
1492 2754 1732 2817 Deinde
1779 2776 1884 2839 per
1932 2757 2188 2838 speciem
2247 2769 2314 2817 Su
2315 2776 2446 2818 etun.

272 2850 738 2914 commendandi
784 2850 878 2911 Μ.
931 2849 1209 2925 Antonii,
1260 2852 1365 2931 qui
1414 2861 1764 2933 auguratum
1814 2853 2078 2934 petebat,
2125 2855 2186 2915 in
2209 2834 2513 2963 ἓξωζῃ.
2431 2838 2515 2884 ²⁵·

274 2947 558 3009 Galliam
582 2946 873 3027 Togatam
900 2950 1315 3026 transgressus,
1334 2949 1660 3030 municipia
1687 2958 1750 3011 et
1781 2947 2045 3011 colonias
2083 2971 2190 3031 ap·
2209 2964 2344 3015 Hirt-

274 3044 575 3127 pellavit:
602 3044 761 3105 haud
788 3045 1113 3105 minoribus
1130 3054 1419 3127 exceptus
1440 3046 1779 3118 honoribus,
1804 3067 1986 3127 quam
2013 3056 2194 3109 antea

276 3142 589 3224 Pompeio
610 3142 787 3203 fuisse
804 3142 1107 3203 exhibitos
1130 3144 1483 3224 scripsimus.
1568 3144 1733 3205 Haec
1757 3144 1959 3205 omnia
1984 3143 2192 3205 Caesar

274 3262 351 3303 eo
374 3240 610 3302 fecerat
638 3240 973 3311 studiosius,
1012 3239 1177 3320 quod
1213 3240 1535 3302 adversarii
1578 3243 1710 3320 ejus
1741 3240 1920 3303 valde
1956 3241 2190 3303 exulta·
2249 3254 2256 3265 ·

276 3340 435 3401 bant
478 3336 817 3399 consulibus
858 3336 1179 3417 desig-natis
1212 3336 1284 3397 L.
1328 3336 1608 3409 Lentulo,
1649 3337 1728 3399 C.
1770 3337 2089 3412 Marcello,
2127 3349 2194 3401 et
2283 3348 2296 3365 ·

277 3435 421 3497 Ser.
462 3433 674 3494 Galba
716 3432 977 3514 repulso,
1018 3435 1125 3513 qui
1160 3433 1393 3512 legatus
1437 3433 1696 3495 Caesaris
1733 3434 1962 3506 fuerat;
2000 3456 2190 3517 quan-

278 3552 469 3613 quam
496 3532 549 3590 is
570 3530 765 3609 gratia
786 3529 1197 3609 suffragiisque
1223 3529 1355 3611 plus
1378 3530 1681 3592 valuisset.
1741 3532 1982 3613 Quippe
2001 3531 2190 3614 pluri-

278 3648 451 3689 mum
476 3627 539 3687 in
564 3626 735 3687 Urbe
760 3626 1090 3708 Pompeius
1112 3635 1367 3707 poterat,
1392 3627 1688 3709 plerisque
1709 3626 2189 3708 suffragantibus,

277 3734 347 3786 et
370 3726 531 3785 inter
556 3724 665 3783 hos
698 3721 827 3805 Ap.
855 3722 1119 3783 Claudio
1140 3742 1399 3785 censore.

364 3828 473 3883 19.
517 3818 687 3881 Nam
732 3828 799 3881 et
837 3828 1189 3901 posu-emam
1239 3819 1441 3881 liberm
1486 3819 1831 3903 reipublicae
1881 3838 2188 3882 censuram
2209 3828 2276 3879 Di
2263 3844 2326 3883 ι.ο

280 3916 535 4000 Appius
556 3917 680 3988 hic,
718 3915 955 3995 college
991 3915 1063 3976 L.
1106 3916 1355 3989 Pisone,
1390 3918 1681 3978 exercuit.
1763 3914 1850 3977 Et
1877 3916 2028 3977 Piso
2051 3917 2188 3998 qui-

279 4014 427 4075 dem
464 4012 747 4075 studebat
783 4031 997 4092 genero
1035 4011 1296 4073 Caesari·
1280 4058 1297 4073 .
1334 4012 1621 4095 Appius
1604 4013 1876 4073 mimicus
1901 4012 2046 4073 dum
2079 4033 2186 4074 no·

280 4130 427 4172 cere
474 4117 747 4185 conatur,
805 4108 945 4191 plus
992 4108 1177 4173 ctiam
1236 4109 1457 4173 invitus
1514 4110 1846 4191 insciusque
1895 4108 2188 4191 proderat.

350 4275 851 4355 &munatius
868 4274 1067 4341 millies]
1096 4274 1205 4325 Ἴος
1275 4278 1491 4328 seems.
1530 4276 1601 4327 er
1572 4292 1672 4328 nv.

283 4356 406 4393 cem
428 4358 487 4392 u
594 4340 885 4392 addidimus
918 4356 984 4391 ex
1020 4342 1207 4392 Sueto·
1338 4350 1365 4387 ε
1400 4341 1830 4421 Quadringenties]
1875 4342 2088 4396 Mercu
2109 4356 2190 4395 ar·

285 4422 321 4457 n
326 4410 403 4458 i.o
582 4408 756 4457 mrsu·
794 4404 970 4457 millia
1008 4421 1209 4457 summa
1278 4408 1425 4473 genti
1450 4410 1661 4460 150260.
1695 4408 1763 4459 Cr
1737 4424 1838 4459 rev.

284 4479 373 4525 est
426 4470 687 4533 immanis,
750 4486 941 4522 marco
1002 4472 1207 4537 urgenti

424 4551 607 4617 Deaeps.
636 4558 689 4605 et
714 4552 1488 4607 Ver-Clas.11ioiue·
2239 4556 2300 4605 1⁵
2333 4550 2382 4605 Ε
