3300 5234
904 473 1115 523 mnm
1164 472 1415 523 oxvn.
1458 472 2105 525 sorensium-trun.
2433 451 2614 519 5391-

385 616 711 688 Carinatis,
739 615 955 676 Asinio
983 616 1265 677 Pollione
1306 616 1602 698 praetoriO,
1639 616 1867 677 bellum
1891 600 2278 675 clarissimum

380 714 579 793 gessit.
624 714 885 775 Carteioe
912 734 1045 774 cum
1068 734 1187 774 una
1212 714 1445 793 legione
1462 723 1752 795 receptus,
1783 714 2046 773 Eboram
2063 710 2280 773 deinde
2305 710 2443 824 ACic·
2467 712 2528 759 ad
2555 777 2588 825 θ

381 811 747 891 oppugnavit
776 812 1073 891 cepitque.
1158 811 1391 871 Eadem
1423 811 1521 871 die
1544 811 1621 871 de
1647 820 1834 873 morte
1862 810 2117 871 Caesaris
2141 830 2280 887 cog·
2303 780 2561 891 etux'ff'f.
2591 811 2608 829 ⁰

378 908 567 967 novit.
653 906 807 967 Inde
834 906 913 967 ad
954 926 1064 967 sex
1089 906 1373 986 legiones,
1409 927 1560 989 quas
1584 910 1647 969 in
1675 906 1950 967 ulteriore
1979 906 2284 988 provincia

378 992 722 1084 reliquerat,
749 1002 959 1063 rediitz
1004 1004 1193 1065 missis
1231 1004 1496 1065 Romam
1523 1005 1601 1064 ad
1636 1004 1910 1065 consules
1934 1002 2144 1072 literis,
2172 1012 2190 1039 ‘
2215 1010 2284 1061 ut

376 1099 495 1159 sibi
522 1098 599 1159 ad
625 1098 809 1159 larem
834 1120 1006 1159 suum
1021 1099 1228 1161 liceret
1246 1101 1461 1161 reverti
1485 1121 1500 1160 ε
1528 1102 1828 1161 exercitus
1851 1119 2055 1160 omnes
2078 1098 2280 1159 dimit·

374 1196 677 1256 terentur?

462 1298 563 1353 34.
609 1292 733 1351 His
770 1290 987 1367 deinde
1012 1291 1379 1352 successibus
1403 1290 1645 1363 firmior,
1677 1313 1816 1353 cum
1857 1292 1936 1354 ad
1961 1312 2096 1352 eum
2127 1309 2276 1371 quo·
2302 1305 2422 1358 Dio.

378 1387 526 1447 tidie
550 1387 724 1448 multi
750 1386 1136 1459 confluerent,
1175 1386 1457 1448 Asinium
1496 1408 1649 1449 mors
1676 1388 1931 1449 Caesaris
1963 1398 2028 1449 et
2057 1395 2278 1448 secutae

376 1483 545 1543 illam
584 1484 770 1545 turbae
802 1484 1117 1575 plurimum
1148 1483 1550 1556 debilitarent,
1578 1485 2002 1563 Carthaginem
2031 1483 2276 1545 Novam

375 1580 647 1642 obsidere
668 1602 843 1641 ausus
864 1591 974 1642 est.
1057 1580 1157 1642 At
1172 1576 1307 1642 cum
1334 1601 1439 1663 per
1464 1578 1790 1643 absentiam
1809 1585 1938 1661 ejus
1963 1582 2148 1663 premi
2181 1602 2276 1641 so-

374 1678 505 1739 cios
524 1698 663 1739 suos
685 1698 724 1739 a
748 1678 1029 1739 Pollione
1064 1678 1345 1749 audisset,
1392 1700 1527 1739 cum
1565 1678 1774 1739 valida
1800 1698 1978 1739 manu
2005 1698 2276 1757 congres-

374 1796 497 1847 sus,
540 1774 767 1835 claram
805 1775 1115 1835 victoriam
1159 1774 1438 1847 obtinuit,
1477 1774 1752 1836 virtutem
1791 1777 1924 1855 ejus
1961 1772 2278 1856 plurimum

376 1872 697 1951 adjuvante
721 1892 885 1933 casu.
954 1870 1109 1931 Fore
1136 1870 1437 1933 acciderat
1460 1881 1547 1943 ut,
1566 1872 1780 1933 Asinio
1807 1873 1864 1931 in
1885 1872 2089 1951 fugam
2115 1883 2274 1946 aeto,

374 1988 513 2049 pars
534 1978 733 2031 tamen
756 1969 1051 2031 exereitus
1066 1978 1303 2030 strenue
1325 1980 1701 2050 repugnaret,
1727 1970 2064 2049 ambiguam
2083 1970 2276 2030 sactu-

372 2086 443 2127 ra
468 2066 795 2137 victoriam,
822 2067 935 2127 nisi
959 2066 1167 2133 eodem
1195 2076 1458 2147 tempore
1483 2075 1547 2126 et
1578 2065 2084 2147 paludamentum,
2113 2068 2276 2146 quod

372 2164 528 2225 inter
550 2162 895 2241 fugiendum
921 2163 1225 2243 abjecerat
1252 2161 1487 2233 Pollio,
1526 2162 1815 2223 vidissent
1848 2164 1997 2222 inter
2021 2163 2275 2244 hostium

372 2280 604 2333 manus,
648 2270 711 2321 et
750 2261 1097 2322 Pollionem
1140 2260 1515 2321 interfectum
1568 2260 1885 2320 audissent.
1972 2263 2124 2340 Ejus
2167 2282 2272 2321 no-

370 2357 549 2417 minis
573 2378 787 2427 errore,
824 2377 961 2420 nam
990 2357 1233 2418 illustris
1256 2376 1441 2437 eques
1465 2356 1604 2416 duci
1635 2357 2004 2435 cognominis
2041 2356 2272 2417 cecide-

370 2462 487 2525 rat,
514 2453 687 2513 simul
713 2463 1033 2535 conspectu
1052 2460 1070 2487 ¹
1097 2453 1295 2525 vestis,
1323 2462 1607 2533 tanquam
1634 2455 1846 2513 amisso
1872 2451 2048 2525 duce,
2077 2461 2274 2513 exter-

368 2548 469 2609 riti
504 2558 819 2611 cesserunt.
2007 2556 2019 2561 “

450 2652 553 2705 35.
596 2646 707 2705 Ab
732 2645 845 2705 hoc
867 2652 1129 2725 tempore
1156 2652 1363 2726 potens
1388 2644 1736 2726 pollensque
1763 2644 2117 2725 Pompeius,
2141 2665 2271 2705 om·-

369 2763 503 2807 uem
530 2743 651 2803 fere
678 2742 1011 2803 ulteriorem
1032 2741 1271 2822 Hispan
1280 2742 1395 2802 iam
1415 2742 1660 2822 recepit,
1680 2741 1871 2802 donec
1893 2741 1988 2801 M.
2008 2741 2270 2822 Lepidus

363 2840 627 2899 citeriori
668 2838 1042 2920 proefuturus,
1106 2838 1164 2898 in
1229 2838 1559 2917 proximam
1611 2837 1884 2898 Galliam
1937 2839 2114 2899 venit.
2201 2838 2270 2900 Is
2327 2872 2434 2923 cic.
2460 2874 2575 2923 Phi,

366 2936 722 2997 auctoritate
760 2954 871 2995 sua
908 2935 1267 3015 Pompeium
1292 2934 1545 2995 adduxit
1574 2934 1654 2995 ad
1682 2955 1910 3015 pacem,
1953 2936 2267 3016 effecitque
2295 2952 2347 2991 v,
2365 2908 2598 2989 umus:

366 3042 433 3093 ut
456 3032 789 3093 discederet
818 3032 895 3091 ab
924 3030 1121 3101 armis,
1149 3038 1389 3091 senatus
1414 3031 1507 3091 illi
1536 3032 1755 3111 septies
1781 3030 2037 3102 millies,‘
2075 3052 2266 3111 quan·-
2291 3010 2348 3116 ἓξ
2361 3008 2562 3117 ᾗωᾹ·

367 3140 495 3191 tum
522 3149 600 3189 ex
624 3130 793 3189 bonis
814 3129 944 3207 ejus
969 3127 1227 3208 paternis
1253 3126 1460 3188 Caesar
1501 3127 1832 3207 redegerat,
1859 3138 1922 3188 et
1946 3149 2064 3188 orae
2093 3130 2266 3189 mari-

366 3228 529 3287 timae
555 3224 963 3306 praefecturam
986 3223 1207 3285 daret„
1260 3224 1419 3290 Quae
1444 3245 1537 3283 res
1559 3244 1633 3283 eo
1657 3223 1871 3285 confici
1907 3224 2144 3285 facilins
2162 3247 2266 3307 po-
2323 3230 2539 3307 appius.

368 3324 505 3395 tuit,
554 3322 721 3403 quod
762 3320 945 3381 salvis
986 3320 1239 3380 caesaris
1290 3320 1438 3380 actis
1481 3320 1685 3381 fiebat.
1771 3320 2015 3401 Quippe
2062 3321 2268 3383 Caesar
2292 3294 2596 3410 gzifflss

364 3428 633 3481 extremo
654 3428 913 3499 tempore
936 3418 1187 3487 cunctis,
1208 3418 1387 3477 etiam
1406 3418 1623 3498 quibus
1644 3418 1902 3478 nondum
1930 3420 2266 3497 ignovisset,
2327 3424 2436 3475 Cic.
2458 3426 2592 3476 Phil.

366 3517 495 3577 sine
519 3515 869 3596 exceptione
898 3514 1141 3595 pristina
1154 3513 1301 3593 jura
1326 3513 1700 3574 reddiderat:
1733 3524 1800 3575 ut
1823 3535 1938 3578 non
1966 3536 2185 3577 novum
2210 3518 2267 3577 ei
2295 3496 2522 3603 ’ἑζζιὲἑρ

2289 3618 2419 3669 Caes.
2441 3622 2525 3669 75.

922 3704 949 3751 1
988 3702 1248 3765 Conspecta
1270 3699 1391 3750 edd.
1410 3708 1533 3751 ante
1556 3700 1712 3752 Crev.
2500 3728 2506 3733 ·

1150 3874 1331 3897 cneco
1334 3874 1513 3896 OOOO

426 4023 447 4048 ⁸
481 4013 673 4077 Septies
688 4011 883 4075 nullia]
914 4011 1125 4061 Marcus
1162 4026 1279 4060 nos·
1348 4026 1379 4060 e
1407 4010 1742 4077 Pompeianis
1775 4012 2012 4075 partibus
2057 4023 2262 4066 consta·

362 4088 524 4131 trates
546 4080 793 4128 27848‘15.
818 4078 1064 4129 Ceterum
1088 4083 1147 4125 ut
1168 4077 1279 4126 haec
1351 4078 1462 4139 bat,
1486 4084 1543 4127 ut
1569 4078 1810 4127 observat
1843 4078 2090 4129 Velleius.
2153 4082 2262 4132 Sed

361 4144 533 4196 omnis
554 4158 671 4207 qua·
686 4142 781 4191 boc
801 4142 915 4191 loco
927 4150 1280 4191 memorantur
1348 4150 1406 4192 et
1428 4142 1736 4193 Ciceronem
1777 4142 1829 4191 in
1861 4142 2171 4210 Philippicis
2205 4161 2261 4196 o·

362 4210 617 4273 Pompeio
639 4208 889 4256 darentur
918 4222 951 4255 a
969 4214 1177 4263 senatu,
1199 4206 1277 4254 ni·
1347 4222 1490 4272 petre
1512 4209 1738 4270 pretium
1753 4216 1834 4256 est
1853 4206 2052 4265 videre,
2074 4218 2132 4259 ut
2149 4224 2264 4261 sese

360 4276 583 4339 hilopus
604 4280 719 4322 erat
738 4270 1280 4335 Lepidiauctoritate.
1346 4270 1532 4323 efferat
1574 4280 1631 4321 et
1666 4271 1866 4322 exultet
1905 4272 1971 4321 de
2007 4274 2262 4341 Pompeio

362 4342 588 4392 Senatus
609 4340 745 4389 enim
775 4351 925 4403 paene
949 4345 1089 4390 totus
1110 4336 1279 4387 adhuc
1348 4338 1535 4403 pstriae
1560 4338 1825 4389 restituto.
1861 4338 2024 4389 Creu.-
