3300 5234
828 609 1039 660 num
1088 611 1307 661 cxiv.
1347 609 2002 660 sosannim-run.
2353 591 2528 660 08⁰7

294 754 585 818 Romano
614 771 721 838 per
752 755 1067 818 triennium
1105 755 1474 840 penderent!
1556 753 1978 818 conditionem
1999 771 2206 818 ornnes

292 853 421 918 loti
447 862 807 936 aeceperunt
828 856 995 934 (nam
1020 852 1099 916 de
1132 852 1325 914 salute
1360 873 1469 914 sua
1507 861 1790 934 putarant
1814 861 2014 916 actium
2051 857 2206 932 esse)

288 971 475 1033 seque
502 951 609 1014 illo
632 950 871 1014 demum
894 950 995 1012 die
1018 959 1195 1012 natos
1210 971 1341 1014 esse
1364 950 1780 1033 praedicantes.

368 1055 479 1110 61.
522 1045 769 1110 Interim
806 1046 849 1108 J
852 1049 976 1118 uba
1010 1067 1149 1108 cum
1184 1047 1435 1110 Petreio
1460 1047 1716 1111 Zamam
1739 1046 1884 1127 fuga
1907 1048 2200 1132 pervenit,

287 1166 473 1226 quam
492 1145 727 1228 duplici
752 1166 919 1208 muro
940 1145 1309 1208 circumdato
1330 1146 1694 1218 muniverat,
1718 1145 2060 1227 regiamque
2083 1145 2200 1210 sibi
2263 1154 2458 1207 vitruv.

287 1243 601 1306 habuerat.
686 1243 809 1306 Sed
834 1245 981 1324 quia
1017 1253 1083 1305 et
1110 1243 1233 1325 ipse
1258 1244 1478 1317 victus,
1517 1252 1581 1304 et
1624 1241 1864 1306 Sabura
1902 1263 2042 1306 cum
2079 1243 2200 1308 suis
2224 1225 2490 1336 Ἤζεῒὼ

282 1341 479 1422 eopiis
502 1341 739 1404 deletus
758 1361 799 1402 a
822 1339 905 1403 P.
928 1339 1085 1404 Sitio
1118 1339 1333 1412 fuerat,
1370 1348 1706 1402 contemtus
1741 1349 1838 1402 est
1867 1357 1911 1402 a
1943 1341 2068 1404 suis
2087 1359 2196 1404 αις
2223 1347 2286 1400 Β.
2312 1351 2418 1404 Ast.

282 1437 629 1520 clususque.
712 1437 857 1500 Nec
900 1446 1065 1500 caret
1096 1436 1439 1500 defensione
1484 1437 1870 1502 Zernensium
1901 1436 2194 1520 perfidia:

284 1534 453 1615 quod
492 1536 557 1600 in
579 1535 777 1598 medio
802 1535 933 1598 foro
954 1555 1163 1617 pyram
1187 1533 1230 1595 J
1232 1535 1355 1596 uba
1376 1543 1812 1606 constr-uteret,
1838 1535 1954 1598 hoc
1977 1555 2196 1617 propo-

278 1633 425 1704 sito,
452 1641 523 1694 ut
544 1633 607 1694 in
630 1633 846 1694 ultima
864 1632 1273 1714 desperatione
1296 1631 1531 1692 civibus
1553 1630 1876 1694 interfectis
1897 1632 2196 1706 omnibus,

283 1731 579 1810 rebusque
604 1729 877 1812 pretiosis
920 1729 981 1790 in
1022 1749 1229 1810 rogum
1266 1729 1579 1810 conjectis,
1624 1729 1732 1788 ibi.
1747 1748 1882 1792 cum
1911 1730 2196 1790 uxoribus

279 1825 605 1908 liberisque
652 1835 1035 1908 cremaretur.
1138 1825 1356 1904 Igitur,
1402 1845 1595 1907 neque
1644 1826 1818 1886 minis
1869 1825 2192 1906 quicquam

278 1923 749 2004 proficientibus,
790 1943 981 2004 neque
1028 1923 1321 2005 precibus,
1361 1928 1525 2000 (nam
1570 1933 1637 1984 et
1673 1943 1876 2004 preces
1909 1921 2195 1986 adhibere

276 2020 569 2086 docuerat
586 2023 957 2101 necomitam)
984 2041 1059 2082 ne
1086 2021 1291 2082 liberis
1320 2021 1561 2102 quidem
1584 2021 2056 2101 conjugibusque
2083 2022 2194 2084 im·

278 2121 551 2200 petratis,
576 2121 639 2178 in
664 2119 874 2180 villam
912 2139 1080 2182 suam
1112 2116 1405 2180 discedit:
1445 2116 1664 2180 deinde
1706 2117 1934 2178 similes
1977 2137 2191 2199 exper-

274 2224 375 2278 tus
390 2216 655 2277 omnium
674 2216 987 2278 civitatum
1009 2217 1259 2288 animos,
1286 2223 1420 2296 post
1438 2212 1790 2294 magnifices
1811 2214 2018 2296 epulas
2035 2215 2192 2278 ferro
2214 2218 2434 2296 Appias.

274 2333 419 2380 cum
454 2314 703 2376 Petreio
724 2317 1045 2386 concurrit,
1072 2324 1142 2376 ut
1162 2335 1265 2397 per
1288 2315 1569 2378 virtutem
1594 2311 1892 2376 interfecti
1917 2312 2188 2374 videren-
2213 2284 2343 2399 ᾖξ’,

273 2421 389 2474 tur.
474 2413 753 2474 Petreius
774 2412 1064 2474 valentior
1088 2411 1267 2474 facile
1292 2410 1552 2474 confecit
1573 2409 1616 2471 J
1618 2411 1800 2472 ubam
1820 2429 1836 2470 ε
1877 2411 2006 2492 ipse
2029 2411 2188 2472 servi
2213 2413 2320 2464 Liv-
2345 2413 2479 2478 Epit-

272 2513 365 2572 sui
392 2531 571 2572 manu
597 2511 825 2574 invenit
846 2528 1073 2572 necem.
2209 2479 2404 2594 Bffffitr‘.
2417 2479 2482 2526 ‘¹⁸

352 2615 459 2670 62.
504 2608 669 2670 Dum
692 2609 825 2670 haec
842 2616 1119 2688 aguntur,
1142 2606 1399 2670 Caesaris
1415 2606 1656 2669 fortuna
1667 2605 1942 2669 trahente
1961 2607 2184 2678 omnia.

273 2705 598 2768 Considius
620 2727 655 2768 e
676 2705 1017 2768 Tisdritano
1048 2705 1291 2788 oppido,
1316 2706 1415 2766 cui
1452 2714 1730 2786 preerat,
1763 2724 1901 2766 cum
1929 2701 2190 2766 Gaetulis

270 2805 481 2886 paucis
506 2806 567 2866 in
590 2823 837 2884 regnum
863 2803 1185 2886 profectus,
1212 2824 1251 2865 a
1274 2803 1591 2865 comitibus
1626 2803 1772 2874 suis,
1793 2803 1898 2882 qui
1922 2795 2188 2864 succinc-

270 2909 401 2962 tum
425 2903 681 2982 pecunia
702 2911 1026 2974 senserant,
1053 2899 1439 2964 interficitur:
1483 2900 1562 2962 C.
1592 2899 1890 2979 Virgilius
1929 2898 2189 2960 Caninio

272 2997 505 3060 Rebilo
528 2999 883 3081 proconsuli,
927 3018 966 3059 a
1002 3019 1121 3080 quo
1162 2997 1391 3079 Thapsi
1434 2996 1839 3069 obsidebatur,
1881 3017 1944 3058 se
1979 2995 2150 3056 dedit
2167 3017 2190 3057 t
2261 3061 2270 3076 ἡ

270 3095 353 3158 Ρ.
384 3095 599 3168 Sitius,
624 3097 729 3179 qui
768 3095 1081 3178 plurimum
1118 3117 1193 3156 eo
1222 3095 1387 3158 bello
1429 3094 1658 3156 Caesari
1697 3092 2052 3166 contulerat,
2077 3095 2184 3154 vix
2361 3107 2369 3116 ·

266 3193 485 3256 leviter
506 3203 683 3256 notus
700 3204 901 3266 antea,
916 3193 1061 3254 dum
1084 3213 1187 3275 per
1210 3192 1641 3254 Mauritaniam
1661 3190 1742 3252 ad
1767 3192 2186 3272 imperatorem

268 3291 685 3372 proficiscitur,
734 3293 795 3352 in
836 3292 1123 3352 Faustum
1156 3301 1222 3354 et
1262 3290 1587 3352 Afranium
1624 3288 1856 3360 incidit,
1898 3287 2003 3370 qui
2043 3308 2182 3350 cum

268 3388 573 3468 equitibus
598 3387 896 3470 Scipionis
913 3387 1102 3449 Utica
1125 3387 1537 3450 discesserant.
1579 3385 1656 3446 Is.
1673 3385 1936 3465 reliquos
1961 3385 2182 3465 partim

264 3485 471 3558 credit,
488 3486 703 3566 partim
724 3487 947 3568 accipit
968 3487 1031 3546 in
1052 3484 1437 3558 deditionem,
1455 3483 1786 3546 Afranium
1809 3492 1874 3544 et
1891 3482 2180 3544 Faustum

264 3601 405 3642 curn
430 3585 687 3664 conjuge
712 3591 777 3644 et
800 3582 1003 3646 liberis
1026 3566 1191 3663 capit
1212 3583 1405 3644 vivos.

344 3685 477 3757 63.-
498 3677 699 3740 Uxori
724 3679 955 3752 Fausti,
982 3699 1121 3760 qua>
1151 3678 1363 3740 eadem
1386 3678 1670 3760 Pompeii
1696 3686 1829 3738 erat
1851 3675 2000 3748 filia,
2027 3676 2178 3738 duo-
2203 3691 2420 3758 Appias.

262 3777 496 3857 busque
540 3777 743 3838 liberis
780 3780 913 3858 ejus
956 3777 1161 3838 Caesar
1198 3776 1668 3838 incolumitatem
1711 3795 1941 3856 suaque
1975 3774 2180 3836 omnia

261 3875 579 3941 concessit.
604 3883 669 3938 et
706 3873 787 3934 sd
811 3874 1047 3934 fratrem
1087 3873 1383 3956 proficisci
1424 3893 1629 3955 passas
1673 3881 1784 3934 est.
1881 3870 2180 3933 Afranius
2199 3889 2466 3953 LivAEpit.

260 3979 326 4032 et
370 3969 652 4042 Faustus,
690 3981 977 4052 tanquam
1020 3978 1241 4032 temere
1278 3978 1409 4032 orta
1447 3971 1510 4031 in
1554 3971 1822 4030 exercitu
1865 3967 2175 4038 seditione,
2236 3955 2377 4004 ⁰¹0⁸·
2405 3971 2484 4008 Π·

261 4089 503 4150 unaque
529 4067 809 4130 Petreius
834 4067 1015 4142 filius,
1044 4067 1489 4130 interficiuntur.
1544 4053 1698 4128 'sed
1727 4067 1980 4128 Caesaris
2001 4067 2176 4145 jussu
2206 4023 2383 4133 lxm-t.
2401 4085 2474 4134 d·

260 4169 487 4230 factum
528 4187 646 4228 non
691 4168 1020 4242 dubitatur,
1066 4171 1241 4247 cujus
1278 4167 1461 4229 etiam
1506 4167 1662 4227 inter
1699 4174 1858 4226 artes
1894 4163 2172 4235 referunt,
2196 4148 2394 4263 giffst·

263 4265 429 4348 quod
452 4267 675 4328 invisos
718 4267 833 4326 sibi
872 4287 977 4348 per
1004 4265 1225 4328 milites
1264 4265 1423 4338 clam
1458 4266 1760 4337 curaverit
1791 4262 2172 4332 occidendos,
2307 4251 2322 4266 ⁶

260 4385 337 4424 nc
384 4363 720 4424 clementia
763 4363 1195 4426 simulationem
1241 4364 1557 4425 omitteret.
1649 4362 1756 4423 Sic
1801 4371 1864 4422 et
1902 4359 2170 4422 Tullium

264 4459 497 4521 Rufum
523 4460 791 4541 aliosque
826 4463 993 4523 inter·
1016 4463 1285 4543 praelium
1314 4481 1451 4522 cum
1476 4458 1762 4541 Scipione
1787 4458 2042 4541 perisse:
2085 4457 2170 4520 sic
