3300 5234
762 566 944 635 5142
1732 584 1801 633 r.
1848 583 2041 632 mvn

1099 728 1338 810 aliaque
1379 727 1456 789 de
1497 724 1829 789 muniendis
1870 722 2313 807 statuendasque
2362 726 2477 790 viis
2520 726 3005 806 continebantur)

1099 834 1282 906 utque
1307 846 1382 887 ea
1401 826 1633 889 curatio
1656 824 1769 887 sibi
1802 830 1819 857 ¹
1868 824 1927 884 in
1954 824 2417 905 quinquennium
2454 822 2715 897 daretur,
2754 822 3009 887 ferebat.

807 927 914 977 Cie-
933 927 997 976 de
1100 922 1298 1005 Atqui
1323 925 1438 985 hoc
1461 932 1646 1005 caput
1668 930 1879 985 contra
1905 920 2200 983 Liciniam
2224 920 2653 1002 AEbutiamqne
2671 922 2835 1001 leges
2860 942 3008 1003 pug-

771 990 1077 1109 {ffssg‘oAssm‘
1099 1041 1242 1083 nare
1269 1042 1384 1081 non
1411 1020 1747 1100 ignorabat,
1776 1018 2028 1099 ideoque
2051 1016 2311 1111 Rullum
2340 1020 2591 1098 agrarian
2624 1018 2777 1098 legis
2798 1028 3008 1081 aucto-

1099 1138 1245 1188 rem,
1271 1138 1406 1178 cum
1431 1117 1649 1178 similia
1673 1126 1921 1199 peteret,
1964 1115 2343 1175 vehementer
2382 1116 2751 1195 exagitatum
2789 1115 3007 1177 fuisse:

773 1221 988 1288 Appia.
1099 1212 1206 1277 sed
1245 1213 1515 1279 consulto
1549 1212 1965 1296 promulgabat
1999 1211 2160 1291 quod
2198 1232 2237 1272 a
2272 1211 2665 1293 Pompeianis
2688 1212 3005 1293 reprehen-

1000 1334 1006 1343 ·
1099 1330 1252 1383 sum,
1285 1314 1514 1390 justam
1547 1311 1661 1371 sibi
1692 1329 1935 1371 causam
1974 1310 2099 1369 istis
2134 1308 2403 1390 partibus
2440 1306 2732 1369 irascendi
2775 1307 3011 1369 dedisse

1102 1409 1419 1472 videretur.

809 1518 918 1569 cic.
937 1520 1000 1568 nd
1179 1514 1244 1569 8.
1287 1504 1445 1567 Cum
1483 1505 1635 1565 inter
1674 1504 1806 1565 haec
1839 1500 2134 1563 Kalendae
2175 1502 2417 1563 Martiae
2440 1501 2759 1573 venissent,
2794 1501 3013 1581 quibus

777 1652 827 1697 8
852 1656 904 1697 et
897 1600 1046 1699 9¹¹¹·
1101 1624 1182 1667 ex
1205 1602 1715 1665 senatusconsulto
1738 1599 1935 1661 referri
1976 1599 2051 1660 de
2086 1601 2451 1661 successione
2490 1598 2749 1661 Caesaris
2772 1608 3012 1679 oporte-

777 1712 993 1787 Appiam.
1101 1701 1230 1772 bat,
1259 1699 1564 1780 Gaiusque
1607 1696 1940 1759 Marcellus
1972 1717 2048 1759 ea
2084 1697 2161 1758 de
2186 1718 2249 1759 re
2274 1698 2459 1759 verba
2482 1696 2755 1767 fecissen
2800 1695 3009 1777 pleris-

777 1776 894 1825 ΠΟ·
913 1778 1046 1829 Plut.
1101 1817 1221 1879 que
1246 1797 1720 1868 assentientibus,
1750 1794 1993 1875 collega
2026 1792 2307 1855 Marcelli
2346 1792 2606 1855 Paullus
2638 1792 2836 1853 siluit:
2882 1791 3012 1851 Cu-

1103 1895 1216 1964 rio,
1259 1892 1502 1955 laudato
1536 1891 1817 1955 Marcelli
1853 1893 2075 1963 auimo,
2106 1902 2123 1927 ‘
2150 1889 2521 1953 addendum'
2557 1890 2863 1961 monebat,
2902 1896 2921 1925 ‘
2946 1896 3017 1947 ut

1106 1992 1328 2072 pariter
1353 1990 1683 2073 Pompeius
1722 1990 2055 2072 provincias
2088 1998 2151 2049 et
2172 1982 2473 2049 exercitus
2492 2006 2629 2049 suos
2648 1985 3017 2047 dimitteret).

1107 2087 1358 2149 Sciebat
1405 2088 1522 2149 hoc
1571 2087 1810 2149 minime
1856 2086 2151 2147 facturum
2194 2086 2561 2167 Pompeium
2609 2082 2795 2145 Curio
2828 2104 2847 2145 z
2908 2083 3016 2145 sed

1107 2194 1464 2267 praetextnm
1487 2184 1814 2267 quaerebat,
1842 2204 1945 2265 per
1978 2204 2154 2265 quem
2183 2181 2409 2253 Caesar,
2436 2202 2573 2263 quae
2596 2181 2881 2252 habebat,
2908 2200 3017 2241 ex-

1107 2284 1369 2345 cusatius
1392 2282 1689 2343 retineret.

1189 2385 1252 2441 9.
1294 2377 1492 2458 Igitur
1527 2379 1793 2459 iniquam
1828 2398 1951 2439 rem
1989 2374 2289 2459 postulare
2335 2374 2655 2461 Curionem
2698 2382 2895 2456 patres
2918 2373 3019 2434 di·

783 2472 790 2487 *
815 2493 924 2545 Cic.
945 2494 1008 2544 ad
1105 2477 1346 2548 cebant,
1359 2475 1564 2558 Scipio
1583 2476 1931 2559 praesertim,
1951 2476 2055 2555 qui
2080 2483 2143 2534 et
2166 2493 2351 2557 nuper
2370 2472 2727 2533 sententiam
2752 2470 3015 2545 dixerat,

780 2556 915 2688 {⁸⁰³³
901 2563 1128 2610 ·‘V¹¹¹·⁹·
1109 2581 1222 2634 ‘ne
1269 2573 1416 2655 quid
1463 2573 1827 2653 conjunctim
1875 2572 2222 2633 referretur:
2246 2572 2263 2599 '
2304 2570 2463 2650 quod
2506 2579 2740 2650 tempus
2788 2569 3023 2649 imperii

780 2640 899 2738 1)Ρο
885 2640 1062 2741 ,ι’ἒιῖη,
1111 2670 1410 2754 Pompeio
1437 2668 1701 2732 nondum
1724 2670 1975 2729 exierat.
2043 2667 2270 2730 Contra
2296 2666 2527 2727 Curio‘
2550 2684 2839 2730 summam
2864 2685 3019 2727 rem-

1107 2767 1408 2849 publicam
1443 2768 1583 2846 agi’
1623 2765 2100 2828 vociferabatur.
2143 2775 2375 2845 ‘neque
2416 2772 2521 2824 aut
2553 2782 2761 2845 paoem
2796 2772 2906 2824 aut
2946 2763 3019 2823 li-

1105 2864 1439 2926 bertatem
1421 2884 1484 2923 ιιι
1513 2872 1643 2925 tuto
1668 2862 1818 2935 fore,
1844 2864 1955 2923 nisi
1972 2872 2079 2923 aut
2094 2864 2272 2923 ambo
2292 2861 2696 2943 deponerent
2682 2838 3018 2941 imperium,

1105 2970 1214 3023 aut
1238 2962 1414 3022 ambo
1439 2961 1776 3021 retinerent.
1862 2960 2031 3021 Nam
2056 2969 2121 3021 et
2136 2961 2214 3021 ab
2234 2960 2558 3021 inermibus
2576 2957 2725 3019 nihil
2746 2956 3019 3039 periculi,

1111 3068 1197 3130 et,
1223 3060 1276 3119 si
1302 3068 1548 3137 uterque
1574 3058 1799 3119 habeat
1822 3059 2168 3134 exercitum,
2204 3067 2417 3119 contra
2450 3056 2693 3117 alterius
2717 3055 3016 3136 cupidita·-

1108 3164 1200 3216 tes
1223 3156 1286 3215 in
1317 3152 1504 3217 altero
1539 3152 1873 3235 praesidium
1908 3154 2077 3215 fore.⁹
2155 3152 2320 3215 Haec
2360 3153 2423 3214 in
2450 3153 2709 3234 speciem
2742 3162 2869 3215 tam
2909 3152 3020 3215 ho-

1108 3261 1282 3317 nesta
1322 3250 1546 3333 populo
1586 3252 1733 3313 mire
1778 3253 2205 3335 probabantur,
2246 3252 2346 3312 cui
2390 3250 2655 3332 alioquin
2698 3252 2778 3314 ob
2824 3248 3019 3329 legem

1109 3348 1388 3421 ambitus,
1431 3368 1554 3429 qua
1589 3346 1927 3427 largitiones
1966 3348 2193 3409 accisae.
2220 3346 2477 3419 fuerant,
2522 3356 2781 3429 coeperat
2826 3346 3018 3407 Pom-

1111 3448 1280 3528 peius
1301 3466 1429 3507 eme
1453 3446 1648 3513 vilior.

1193 3550 1296 3610 10.
1339 3541 1464 3605 Sed
1501 3541 1660 3655 aputl
1700 3550 1929 3604 ceteros
1956 3540 2239 3605 mortales
2262 3544 2585 3607 auctoritas
2606 3544 2739 3622 ejus
2760 3550 2825 3601 et
2853 3538 3021 3603 fama

783 3673 844 3723 Pl
847 3672 1089 3739 uth’mu.
1111 3639 1286 3721 longe
1323 3650 1458 3701 erat
1493 3640 1798 3701 maxima:
1843 3638 2025 3719 idque
2069 3640 2183 3700 hoc
2223 3648 2489 3720 tempore
2538 3638 2837 3719 apparuit,
2880 3656 3021 3700 cum

783 3739 829 3787 v
831 3740 971 3789 01111.
975 3744 1088 3791 .48.
1114 3736 1514 3819 Campaniam
1537 3738 1769 3807 obiens,
1807 3734 2079 3815 Neapoli
2114 3736 2370 3814 graviter
2406 3743 2693 3815 aegrotare
2724 3735 3021 3817 eoepiaset.

785 3804 930 3919 gig.
915 3804 1018 3853 ‚Tu
991 3820 1089 3855 Μ
1110 3834 1267 3895 Tum
1307 3836 1486 3908 enim,
1533 3842 1773 3896 auctore
1820 3832 2198 3911 Praxagora,
2238 3832 2631 3914 Neapolitani
2674 3852 2781 3913 pro
2822 3829 3019 3892 salute

816 3933 916 3983 Juv
918 3934 1056 3985 ··S⁸t
1111 3936 1244 4015 ejus
1267 3932 1504 4015 publice
1528 3940 1673 3993 vota
1707 3938 2112 4011 susceperunt,
2138 3930 2241 4011 qui
2266 3938 2405 3991 ante
2430 3950 2566 3991 eum
2591 3930 2776 3991 bonor
2800 3930 3023 3989 nemini

785 4002 1040 4119 {illelom
1109 4028 1398 4093 Romano
1418 4030 1787 4109 contigerat.
1828 4037 1891 4088 et
1924 4028 2037 4089 hoc
2064 4025 2427 4107 exemplum,
2456 4026 2589 4087 aliis
2615 4047 2836 4097 amore,
2864 4024 3019 4087 mul-

824 4127 914 4177 cic
916 4127 1011 4177 ‚ad
1113 4128 1190 4187 tis
1220 4144 1324 4210 per
1353 4126 1786 4187 simulationem
1831 4124 1999 4205 paria
2038 4123 2416 4194 facientibus,
2461 4124 2740 4184 universa
2784 4124 3022 4183 imitata

789 4190 950 4307 1Δὲξῖ
943 4208 1090 4309 ¹:¹⁶5.
1115 4220 1306 4285 Italia
1330 4234 1438 4286 est.
1525 4220 1763 4285 Deinde
1801 4230 2115 4304 postquam
2148 4221 2475 4293 convaluit,
2501 4220 2773 4282 inaudita
2797 4220 3019 4303 passim

1549 4451 1574 4497 l
1613 4446 1716 4496 Soli
1736 4444 2242 4511 pronihilegebntur
2265 4448 2509 4497 anteCre
2482 4462 2543 4495 ev
2550 4480 2563 4495 .
