3300 5234
871 584 1078 635 unm
1127 584 1290 633 ΟΧΙ.
1333 583 1989 637 surrbmisswruu.
2360 562 2537 631 m
2588 614 2599 623 -

299 730 452 813 ph<-
499 737 732 813 reperto
779 746 843 789 se
893 726 1378 807 ingurgitaverat,
1435 724 1725 789 Germani
1784 734 1927 789 ante
1984 741 2208 795 omnes,

297 838 502 891 vetere
533 826 726 907 gentis
761 833 826 887 et
847 826 1044 887 tenaci
1085 824 1322 907 probro.
1407 822 1531 885 Sed
1573 844 1650 885 ea
1670 843 1908 905 quoque
1934 844 2029 883 res
2048 840 2209 883 com·

297 924 484 987 modo
529 922 756 985 Caesari
791 922 990 983 cessit.
1073 920 1242 983 Nam
1283 930 1346 981 et
1381 921 1719 981 morborum
1745 922 1881 1001 jam
1921 922 2073 981 inter
2108 938 2211 979 eos
2234 922 2367 975 Plut-
2386 922 2515 975 cm.

299 1020 834 1102 ingravescentium
875 1018 1104 1081 semina
1153 1017 1410 1097 largiore
1455 1018 1596 1079 vino
1637 1018 1901 1079 discum
1942 1025 2103 1087 suut,
2148 1024 2213 1075 et

297 1118 582 1180 alacritas
603 1116 856 1177 militum
881 1123 1061 1179 aucta
1083 1124 1194 1175 est.
1277 1114 1705 1195 Metropolim,
1740 1133 1881 1175 cum
1919 1112 2001 1173 ad
2038 1112 2209 1173 resis-
2235 1120 2367 1173 cea.

297 1214 546 1277 tendum
573 1234 640 1275 se
668 1222 966 1295 pararent,
990 1212 1134 1275 visis
1159 1210 1632 1293 Gomphensium
1657 1211 1934 1293 captivis,
1968 1217 2033 1271 et
2068 1228 2207 1289 cog-

299 1314 432 1372 nito
449 1308 610 1391 quo‘d
635 1308 956 1382 acciderat,
983 1330 1046 1369 se
1073 1310 1338 1390 protinus
1363 1308 1644 1389 potestati
1670 1306 1929 1387 fideique
1955 1305 2213 1367 omn-is

298 1406 758 1469 transdiderunt.
841 1405 1048 1467 Caesar
1087 1407 1196 1465 hos
1231 1404 1544 1483 diligenter
1565 1405 1975 1465 conservavit:
2016 1404 2209 1463 brevi-

300 1526 422 1586 que
461 1524 652 1565 rerum
697 1522 900 1565 earum
940 1502 1208 1583 disperso
1245 1521 1498 1573 rumore,
1524 1500 1995 1583 Gomphensium
2034 1502 2213 1562 malis

299 1602 482 1663 rebus
527 1610 594 1663 et
643 1598 1160 1681 Metropolitanum
1211 1598 1622 1659 tolerabilibus
1670 1618 1873 1659 omnes
1926 1608 2209 1681 permotae
2236 1587 2353 1639 Dio.
2378 1589 2505 1643 0¹²⁸·

298 1698 596 1769 civitates,
624 1697 704 1758 ad
733 1695 1036 1757 Caesarem
1069 1716 1136 1757 se
1166 1694 1566 1765 contulerunt,
1599 1695 1871 1776 exceptis
1909 1694 2209 1756 Laris-en·-

301 1794 490 1866 sibus,
516 1794 596 1855 ad
621 1814 874 1875 quorum
899 1792 1104 1852 urbem
1129 1791 1340 1873 Scipio
1353 1794 1488 1871 jam
1511 1800 1859 1852 accesserat.

387 1896 490 1955 57.
531 1890 762 1951 'Paucis
786 1898 920 1971 post
943 1889 1172 1961 diebus,
1191 1908 1326 1951 cum
1355 1887 1614 1950 adventu
1637 1888 1919 1970 Pompeii
1944 1888 2003 1949 in
2024 1888 2211 1949 Thes-

301 1986 516 2049 saliam
561 1985 682 2047 duo
725 1987 924 2065 magni
970 1986 1226 2047 hostium
1275 1986 1576 2047 exercitus
1625 1988 1930 2065 conjuncti
1978 1993 2209 2055 essent:

303 2084 460 2145 adeo
485 2084 676 2147 crevit
697 2084 998 2144 hominum
1024 2081 1299 2153 audacia,
1327 2090 1416 2154 ut,
1441 2081 1588 2142 belli
1611 2090 1843 2143 tantum
1868 2102 1985 2143 non
2009 2081 2213 2143 imme-

305 2201 524 2252 mores,
549 2180 609 2240 id
635 2179 812 2240 modo
833 2180 1188 2259 cogitarent,
1215 2200 1339 2259 qua
1359 2180 1584 2239 ratione
1615 2180 1939 2239 maximum
1964 2201 1999 2239 e
2026 2182 2213 2241 victo-

303 2280 400 2341 ria
421 2278 676 2340 fructum
701 2298 810 2359 pro
829 2298 894 2339 se
919 2278 1168 2358 quisque
1193 2276 1580 2358 perciperent.
1652 2275 1845 2355 Igitur
1867 2278 2001 2355 jam
2026 2278 2213 2339 incre-

303 2379 438 2461 pari
480 2376 764 2457 'Pompeii
803 2395 1028 2436 moram
1053 2375 1468 2456 quotidianum
1507 2384 1661 2445 erat,
1696 2374 1801 2455 qui
1838 2374 2213 2456 exploratam

301 2475 621 2537 victoriam
645 2494 764 2535 nou
803 2474 926 2535 alia
963 2492 1146 2534 causa
1167 2472 1448 2545 differret,
1476 2492 1655 2553 quam
1682 2492 1803 2553 quo
1824 2471 2049 2534 diutius
2071 2474 2213 2535 tali·-

303 2572 421 2631 bus
463 2570 606 2631 viris
643 2572 976 2652 imperaret.
1059 2569 1298 2650 Regem
1341 2588 1544 2649 regum
1587 2568 1891 2630 Domitius
1930 2572 2211 2644 vocabat,
2236 2584 2367 2635 rior.

302 2676 374 2729 et
397 2666 933 2747 Agamemnonem,
957 2660 1144 2749 quod*
1161 2669 1210 2727 is
1231 2687 1490 2748 quoque,
1516 2665 1661 2727 belli
1698 2686 1904 2737 causa,
1930 2668 2059 2749 pari
2082 2667 2211 2747 dig·
2268 2649 2453 2701 Luc-n.

305 2764 500 2825 nitate
539 2764 803 2846 praeditis
841 2764 1180 2845 imperarat.
1263 2763 1356 2825 M.
1402 2763 1699 2823 Favonius
1724 2784 1827 2844 per
1852 2764 2213 2847 Pompeium
2241 2718 2440 2831 vgiuts.

305 2869 468 2921 stare
519 2859 860 2931 dictitabat,
914 2862 1228 2941 quominus
1289 2880 1364 2921 eo
1414 2880 1572 2920 anno
1635 2858 1789 2921 ficus
1844 2858 2214 2921 Tusculanas
2238 2843 2409 2958 {2:¹³⁸
2429 2850 2481 2893 ⁶²

307 2965 524 3017 ment.
609 2956 680 3037 L.
709 2957 1024 3029 Afranius,
1049 2977 1228 3038 quem
1253 2956 1468 3017 Attius
1502 2955 1709 3017 Rufus
1744 2958 1935 3038 pretio
1968 2960 2215 3039 accepto
2240 2974 2450 3037 Appiam.

307 3052 640 3135 prodidisse
664 3054 996 3114 exercitum
1021 3062 1314 3133 arguerat,
1341 3054 1620 3114 demirari
1652 3074 1717 3115 se
1752 3056 1973 3127 aiebat,
2008 3075 2211 3136 quem·
2239 3038 2369 3088 PM·

307 3149 634 3211 admodum
669 3170 807 3211 cum
845 3150 1134 3212 licitatore
1179 3150 1476 3230 legionum
1510 3160 1713 3225 taan
1744 3154 2063 3233 imperator
2096 3172 2215 3213 non
2240 3102 2365 3152 σ’ς’
2384 3100 2517 3155 Plut.

309 3245 560 3307 auderet
599 3244 932 3327 confligere.
1015 3247 1139 3309 Sed
1185 3248 1518 3329 Pompeius
1567 3248 1941 3309 atterendum
1984 3249 2217 3309 hostem
2243 3246 2369 3298 1²¹⁰¹·-

309 3360 482 3403 mora
517 3350 582 3403 et
613 3342 999 3404 incommodis
1030 3352 1192 3405 recte
1229 3353 1574 3415 censum-an
1617 3346 1779 3406 omni
1802 3354 2093 3427 apparatu
2118 3366 2219 3407 su-

309 3438 530 3519 perior,
547 3447 612 3499 et
635 3460 710 3499 ea
731 3438 772 3499 J
775 3439 958 3501 uliani
983 3440 1188 3501 militis
1208 3440 1570 3513 conditione,
1585 3452 1657 3503 ut
1674 3453 1967 3503 assuetum
1984 3443 2219 3503 vincere

309 3534 482 3596 nulla
506 3536 666 3597 acies
689 3537 998 3598 sustineret
1011 3558 1030 3607 ;
1073 3537 1342 3599 defessus
1379 3547 1582 3611 aetate,
1610 3539 1803 3620 frangi
1832 3540 2135 3601 laboribus
2156 3548 2221 3599 et
2240 3526 2373 3604 P¹⁰tt

311 3630 498 3694 taedio
523 3642 740 3715 posset.
2239 3591 2323 3658 Ap
2324 3606 2439 3658 Μ
2440 3618 2459 3640 ⁰

395 3734 498 3790 68.
543 3728 824 3791 Ceterum
851 3730 1212 3810 reliquorum
1239 3733 1498 3793 amentia
1519 3752 1638 3793 non
1662 3732 1897 3793 sinebat
1920 3730 2217 3793 hominem
2270 3734 2457 3784 saliani

313 3824 580 3886 insistere
622 3828 744 3887 suis
785 3824 1085 3887 consiliis:
1143 3827 1436 3890 Amantia
1469 3830 1626 3889 enim
1666 3838 1824 3890 certe
1862 3829 2014 3889 fuit:
2056 3847 2217 3903 cum,
2240 3798 2479 3915 em

313 3928 484 3982 tanto
527 3922 692 3983 hoste
741 3924 1034 4005 opposito,
1083 3922 1370 3986 Lentulus
1419 3924 1721 4006 Spinther,
1768 3934 1831 3985 et
1876 3923 2105 4007 Scipio,
2156 3934 2222 3985 et
2241 3927 2370 3981 Cas·

317 4014 642 4091 Domitius,
681 4020 1038 4099 gravissimis
1073 4022 1226 4081 inter
1261 4042 1324 4081 se
1355 4022 1831 4083 contentionibus
1863 4021 1940 4082 de
1979 4020 2217 4103 pontifi-

313 4121 458 4175 catu
499 4117 782 4189 maximo,
823 4117 985 4196 quod
1028 4117 1424 4178 sacerdotium
1471 4115 1681 4179 Cessat
1720 4120 1985 4197 gerebat,
2026 4118 2218 4197 agita·

313 4218 477 4271 rent:
503 4212 792 4274 urbanam
819 4214 1068 4292 gratiam
1098 4213 1389 4288 Domitio,
1420 4212 1677 4275 Lentulo
1696 4222 1933 4275 aetatem
1952 4212 2219 4293 allegan-

313 4315 399 4379 te,
425 4306 713 4391 Pompeii
741 4310 1230 4372 necessitudinem
1259 4309 1564 4391 Scipione,
1593 4331 1632 4371 a
1647 4331 1769 4391 quo
1794 4308 2218 4392 perhonorifice

317 4406 722 4475 tractabaturz
767 4416 836 4467 ut
861 4406 1110 4469 alterum
1135 4408 1190 4468 ei
1221 4408 1554 4490 praetorium
1581 4407 1747 4469 tendi
1775 4407 2128 4490 Pompeius,
2157 4416 2221 4466 et
