<?xml version="1.0" encoding="UTF-8"?>
<!DOCTYPE html PUBLIC "-//W3C//DTD XHTML 1.0 Transitional//EN"
    "http://www.w3.org/TR/xhtml1/DTD/xhtml1-transitional.dtd">
<html xmlns="http://www.w3.org/1999/xhtml" xml:lang="en" lang="en">
 <head>
  <title>
</title>
<meta http-equiv="Content-Type" content="text/html;charset=utf-8" />
  <meta name='ocr-system' content='tesseract 3.04.00' />
  <meta name='ocr-capabilities' content='ocr_page ocr_carea ocr_par ocr_line ocrx_word'/>
</head>
<body>
  <div class='ocr_page' id='page_1' title='image "./tliviipatavinih35unkngoog/tliviipatavinih35unkngoog_0478.png"; bbox 0 0 3300 5234; ppageno 0'>
   <div class='ocr_carea' id='block_1_1' title="bbox 778 540 2064 631">
    <p class='ocr_par' dir='ltr' id='par_1_1' title="bbox 778 540 2064 631">
     <span class='ocr_line' id='line_1_1' title="bbox 778 540 2064 631; baseline 0 -2"><span class='ocrx_word' id='word_1_1' title='bbox 778 564 955 631; x_wconf 71' lang='lat'><strong>5420</strong></span> <span class='ocrx_word' id='word_1_2' title='bbox 1014 540 1029 561; x_wconf 71' lang='lat'>⁸</span> <span class='ocrx_word' id='word_1_3' title='bbox 1757 581 1826 631; x_wconf 78' lang='lat' dir='ltr'><strong>r.</strong></span> <span class='ocrx_word' id='word_1_4' title='bbox 1874 580 2064 630; x_wconf 76' lang='lat' dir='ltr'><strong>mvn</strong></span> 
     </span>
    </p>
   </div>
   <div class='ocr_carea' id='block_1_2' title="bbox 785 720 3018 2065">
    <p class='ocr_par' dir='ltr' id='par_1_2' title="bbox 785 720 3018 1481">
     <span class='ocr_line' id='line_1_2' title="bbox 1110 720 3018 795; baseline 0.002 -13"><span class='ocrx_word' id='word_1_5' title='bbox 1110 730 1177 782; x_wconf 89' lang='lat' dir='ltr'><strong>ut</strong></span> <span class='ocrx_word' id='word_1_6' title='bbox 1201 720 1278 783; x_wconf 89' lang='lat' dir='ltr'><strong>ad</strong></span> <span class='ocrx_word' id='word_1_7' title='bbox 1317 720 1587 783; x_wconf 76' lang='lat' dir='ltr'><strong>fraudem</strong></span> <span class='ocrx_word' id='word_1_8' title='bbox 1618 720 1944 784; x_wconf 90' lang='lat' dir='ltr'><strong>Dolabella</strong></span> <span class='ocrx_word' id='word_1_9' title='bbox 1977 722 2317 795; x_wconf 82' lang='lat' dir='ltr'>illiceretur,</span> <span class='ocrx_word' id='word_1_10' title='bbox 2359 723 2506 783; x_wconf 86' lang='lat' dir='ltr'><strong>inter</strong></span> <span class='ocrx_word' id='word_1_11' title='bbox 2544 732 2850 783; x_wconf 81' lang='lat' dir='ltr'><strong>auctorum</strong></span> <span class='ocrx_word' id='word_1_12' title='bbox 2880 722 3018 785; x_wconf 80' lang='lat' dir='ltr'><strong>dis-</strong></span> 
     </span>
     <span class='ocr_line' id='line_1_3' title="bbox 1108 818 3014 903; baseline 0.001 -22"><span class='ocrx_word' id='word_1_13' title='bbox 1108 819 1435 881; x_wconf 85' lang='lat' dir='ltr'><strong>sensionem</strong></span> <span class='ocrx_word' id='word_1_14' title='bbox 1452 818 1478 854; x_wconf 67' lang='lat'>⁵</span> <span class='ocrx_word' id='word_1_15' title='bbox 1516 828 1686 879; x_wconf 84' lang='lat' dir='ltr'><strong>tanto</strong></span> <span class='ocrx_word' id='word_1_16' title='bbox 1732 828 1868 901; x_wconf 86' lang='lat' dir='ltr'><strong>post</strong></span> <span class='ocrx_word' id='word_1_17' title='bbox 1917 829 2180 903; x_wconf 85' lang='lat' dir='ltr'><strong>tempore</strong></span> <span class='ocrx_word' id='word_1_18' title='bbox 2229 818 2466 881; x_wconf 84' lang='lat' dir='ltr'><strong>difficile</strong></span> <span class='ocrx_word' id='word_1_19' title='bbox 2511 820 2846 901; x_wconf 87' lang='lat' dir='ltr'><strong>dijudicatu</strong></span> <span class='ocrx_word' id='word_1_20' title='bbox 2891 834 3014 883; x_wconf 83' lang='lat' dir='ltr'><strong>est.</strong></span> 
     </span>
     <span class='ocr_line' id='line_1_4' title="bbox 785 915 3014 998; baseline 0.002 -24"><span class='ocrx_word' id='word_1_21' title='bbox 785 921 999 989; x_wconf 76' lang='lat' dir='ltr'><strong>Appian-</strong></span> <span class='ocrx_word' id='word_1_22' title='bbox 1110 915 1291 976; x_wconf 83' lang='lat' dir='ltr'><strong>Certe</strong></span> <span class='ocrx_word' id='word_1_23' title='bbox 1330 936 1521 996; x_wconf 89' lang='lat' dir='ltr'><strong>neque</strong></span> <span class='ocrx_word' id='word_1_24' title='bbox 1562 916 1870 995; x_wconf 75' lang='lat' dir='ltr'><strong>Pergami,</strong></span> <span class='ocrx_word' id='word_1_25' title='bbox 1913 937 2106 997; x_wconf 89' lang='lat' dir='ltr'><strong>neque</strong></span> <span class='ocrx_word' id='word_1_26' title='bbox 2143 926 2351 998; x_wconf 87' lang='lat' dir='ltr'><strong>postea</strong></span> <span class='ocrx_word' id='word_1_27' title='bbox 2376 917 2644 997; x_wconf 73' lang='lat' dir='ltr'><strong>Smyrnae</strong></span> <span class='ocrx_word' id='word_1_28' title='bbox 2683 916 3014 998; x_wconf 64' lang='lat' dir='ltr'><strong>admissum</strong></span> 
     </span>
     <span class='ocr_line' id='line_1_5' title="bbox 1108 1012 3014 1089; baseline 0.002 -16"><span class='ocrx_word' id='word_1_29' title='bbox 1108 1033 1233 1073; x_wconf 84' lang='lat' dir='ltr'><strong>esse</strong></span> <span class='ocrx_word' id='word_1_30' title='bbox 1256 1012 1639 1075; x_wconf 74' lang='lat' dir='ltr'><strong>Dolabellam</strong></span> <span class='ocrx_word' id='word_1_31' title='bbox 1663 1014 1952 1075; x_wconf 86' lang='lat' dir='ltr'><strong>traditur:</strong></span> <span class='ocrx_word' id='word_1_32' title='bbox 1997 1012 2184 1076; x_wconf 85' lang='lat' dir='ltr'><strong>forum</strong></span> <span class='ocrx_word' id='word_1_33' title='bbox 2209 1024 2440 1076; x_wconf 89' lang='lat' dir='ltr'><strong>tantum</strong></span> <span class='ocrx_word' id='word_1_34' title='bbox 2464 1035 2655 1077; x_wconf 88' lang='lat' dir='ltr'><strong>rerum</strong></span> <span class='ocrx_word' id='word_1_35' title='bbox 2678 1016 3014 1089; x_wconf 82' lang='lat' dir='ltr'><strong>venalium,</strong></span> 
     </span>
     <span class='ocr_line' id='line_1_6' title="bbox 1106 1108 3016 1193; baseline 0.001 -22"><span class='ocrx_word' id='word_1_36' title='bbox 1106 1118 1391 1192; x_wconf 76' lang='lat' dir='ltr'><strong>tanquam</strong></span> <span class='ocrx_word' id='word_1_37' title='bbox 1418 1110 1649 1171; x_wconf 81' lang='lat' dir='ltr'><strong>consuli</strong></span> <span class='ocrx_word' id='word_1_38' title='bbox 1674 1108 1972 1182; x_wconf 80' lang='lat' dir='ltr'><strong>videlicet,</strong></span> <span class='ocrx_word' id='word_1_39' title='bbox 1999 1112 2334 1193; x_wconf 79' lang='lat' dir='ltr'><strong>praebitum.</strong></span> <span class='ocrx_word' id='word_1_40' title='bbox 2413 1110 2679 1193; x_wconf 77' lang='lat' dir='ltr'><strong>Ideoque</strong></span> <span class='ocrx_word' id='word_1_41' title='bbox 2703 1113 3016 1173; x_wconf 85' lang='lat' dir='ltr'><strong>incensum</strong></span> 
     </span>
     <span class='ocr_line' id='line_1_7' title="bbox 1108 1206 3012 1291; baseline 0.001 -23"><span class='ocrx_word' id='word_1_42' title='bbox 1108 1208 1199 1268; x_wconf 89' lang='lat' dir='ltr'><strong>ira</strong></span> <span class='ocrx_word' id='word_1_43' title='bbox 1238 1206 1647 1279; x_wconf 87' lang='lat' dir='ltr'><strong>Dolabellam,</strong></span> <span class='ocrx_word' id='word_1_44' title='bbox 1693 1208 2192 1289; x_wconf 79' lang='lat' dir='ltr'><strong>oppugnationem</strong></span> <span class='ocrx_word' id='word_1_45' title='bbox 2235 1218 2489 1269; x_wconf 72' lang='lat' dir='ltr'><strong>tentasse</strong></span> <span class='ocrx_word' id='word_1_46' title='bbox 2527 1208 2722 1269; x_wconf 76' lang='lat' dir='ltr'><strong>serunt</strong></span> <span class='ocrx_word' id='word_1_47' title='bbox 2759 1209 3012 1291; x_wconf 85' lang='lat' dir='ltr'><strong>oppidi:</strong></span> 
     </span>
     <span class='ocr_line' id='line_1_8' title="bbox 1106 1302 3012 1387; baseline 0.002 -24"><span class='ocrx_word' id='word_1_48' title='bbox 1106 1314 1577 1386; x_wconf 89' lang='lat' dir='ltr'><strong>summotumque</strong></span> <span class='ocrx_word' id='word_1_49' title='bbox 1600 1302 1885 1367; x_wconf 87' lang='lat' dir='ltr'><strong>Trebonii</strong></span> <span class='ocrx_word' id='word_1_50' title='bbox 1909 1306 2224 1387; x_wconf 74' lang='lat' dir='ltr'><strong>promissis,</strong></span> <span class='ocrx_word' id='word_1_51' title='bbox 2250 1304 2374 1366; x_wconf 82' lang='lat' dir='ltr'><strong>fore</strong></span> <span class='ocrx_word' id='word_1_52' title='bbox 2401 1314 2467 1366; x_wconf 89' lang='lat' dir='ltr'><strong>ut</strong></span> <span class='ocrx_word' id='word_1_53' title='bbox 2494 1305 2794 1385; x_wconf 86' lang='lat' dir='ltr'><strong>Ephesum</strong></span> <span class='ocrx_word' id='word_1_54' title='bbox 2823 1308 3012 1367; x_wconf 81' lang='lat' dir='ltr'><strong>intro-</strong></span> 
     </span>
     <span class='ocr_line' id='line_1_9' title="bbox 1108 1400 3016 1481; baseline 0.002 -21"><span class='ocrx_word' id='word_1_55' title='bbox 1108 1401 1455 1462; x_wconf 76' lang='lat' dir='ltr'><strong>mitteretur.</strong></span> <span class='ocrx_word' id='word_1_56' title='bbox 1518 1400 1740 1481; x_wconf 85' lang='lat' dir='ltr'><strong>Neque</strong></span> <span class='ocrx_word' id='word_1_57' title='bbox 1766 1410 1963 1461; x_wconf 83' lang='lat' dir='ltr'><strong>tamen</strong></span> <span class='ocrx_word' id='word_1_58' title='bbox 1983 1400 2356 1463; x_wconf 80' lang='lat' dir='ltr'><strong>excusandus</strong></span> <span class='ocrx_word' id='word_1_59' title='bbox 2383 1401 2708 1464; x_wconf 75' lang='lat' dir='ltr'><strong>Dolabella</strong></span> <span class='ocrx_word' id='word_1_60' title='bbox 2733 1412 2847 1475; x_wconf 87' lang='lat' dir='ltr'><strong>est,</strong></span> <span class='ocrx_word' id='word_1_61' title='bbox 2873 1412 3016 1464; x_wconf 88' lang='lat' dir='ltr'><strong>utro</strong></span> 
     </span>
    </p>

    <p class='ocr_par' dir='ltr' id='par_1_3' title="bbox 815 1494 3016 2065">
     <span class='ocr_line' id='line_1_10' title="bbox 1110 1494 2164 1569; baseline 0.004 -14"><span class='ocrx_word' id='word_1_62' title='bbox 1110 1494 1289 1556; x_wconf 86' lang='lat' dir='ltr'><strong>modo</strong></span> <span class='ocrx_word' id='word_1_63' title='bbox 1316 1517 1409 1559; x_wconf 86' lang='lat' dir='ltr'><strong>res</strong></span> <span class='ocrx_word' id='word_1_64' title='bbox 1437 1497 1743 1569; x_wconf 83' lang='lat' dir='ltr'><strong>acciderit,</strong></span> <span class='ocrx_word' id='word_1_65' title='bbox 1772 1496 1892 1557; x_wconf 87' lang='lat' dir='ltr'><strong>fide</strong></span> <span class='ocrx_word' id='word_1_66' title='bbox 1916 1498 2164 1559; x_wconf 81' lang='lat' dir='ltr'><strong>violata.</strong></span> 
     </span>
     <span class='ocr_line' id='line_1_11' title="bbox 1190 1593 3012 1677; baseline 0.001 -23"><span class='ocrx_word' id='word_1_67' title='bbox 1190 1600 1251 1654; x_wconf 77' lang='lat'><strong>3.</strong></span> <span class='ocrx_word' id='word_1_68' title='bbox 1278 1594 1545 1675; x_wconf 79' lang='lat' dir='ltr'><strong>Quippe,</strong></span> <span class='ocrx_word' id='word_1_69' title='bbox 1570 1594 1762 1655; x_wconf 64' lang='lat' dir='ltr'><strong>mimis</strong></span> <span class='ocrx_word' id='word_1_70' title='bbox 1779 1614 1818 1655; x_wconf 88' lang='lat' dir='ltr'><strong>a</strong></span> <span class='ocrx_word' id='word_1_71' title='bbox 1835 1593 2134 1655; x_wconf 87' lang='lat' dir='ltr'><strong>Trebonio</strong></span> <span class='ocrx_word' id='word_1_72' title='bbox 2149 1594 2356 1677; x_wconf 80' lang='lat' dir='ltr'><strong>copiis,</strong></span> <span class='ocrx_word' id='word_1_73' title='bbox 2383 1615 2520 1676; x_wconf 79' lang='lat' dir='ltr'><strong>quae</strong></span> <span class='ocrx_word' id='word_1_74' title='bbox 2537 1594 3012 1677; x_wconf 74' lang='lat' dir='ltr'><strong>proficiscentem</strong></span> 
     </span>
     <span class='ocr_line' id='line_1_12' title="bbox 1110 1689 3016 1773; baseline 0.003 -24"><span class='ocrx_word' id='word_1_75' title='bbox 1110 1689 1412 1772; x_wconf 77' lang='lat' dir='ltr'><strong>Ephesum</strong></span> <span class='ocrx_word' id='word_1_76' title='bbox 1436 1701 1820 1773; x_wconf 76' lang='lat' dir='ltr'><strong>sequerentur</strong></span> <span class='ocrx_word' id='word_1_77' title='bbox 1850 1700 2032 1773; x_wconf 84' lang='lat' dir='ltr'><strong>atque</strong></span> <span class='ocrx_word' id='word_1_78' title='bbox 2059 1692 2468 1763; x_wconf 69' lang='lat' dir='ltr'><strong>observarentg</strong></span> <span class='ocrx_word' id='word_1_79' title='bbox 2509 1691 2749 1753; x_wconf 87' lang='lat' dir='ltr'><strong>hostilia</strong></span> <span class='ocrx_word' id='word_1_80' title='bbox 2774 1694 3016 1772; x_wconf 79' lang='lat' dir='ltr'><strong>agitans</strong></span> 
     </span>
     <span class='ocr_line' id='line_1_13' title="bbox 1112 1785 3012 1869; baseline 0.002 -24"><span class='ocrx_word' id='word_1_81' title='bbox 1112 1785 1331 1857; x_wconf 88' lang='lat' dir='ltr'><strong>animo,</strong></span> <span class='ocrx_word' id='word_1_82' title='bbox 1357 1786 1754 1849; x_wconf 82' lang='lat' dir='ltr'><strong>dissimulavit</strong></span> <span class='ocrx_word' id='word_1_83' title='bbox 1777 1788 1996 1861; x_wconf 88' lang='lat' dir='ltr'><strong>omnia,</strong></span> <span class='ocrx_word' id='word_1_84' title='bbox 2032 1788 2246 1859; x_wconf 88' lang='lat' dir='ltr'><strong>donec,</strong></span> <span class='ocrx_word' id='word_1_85' title='bbox 2281 1788 2500 1849; x_wconf 89' lang='lat' dir='ltr'><strong>minore</strong></span> <span class='ocrx_word' id='word_1_86' title='bbox 2525 1798 2692 1869; x_wconf 79' lang='lat' dir='ltr'><strong>parte</strong></span> <span class='ocrx_word' id='word_1_87' title='bbox 2719 1789 2777 1848; x_wconf 87' lang='lat' dir='ltr'><strong>in</strong></span> <span class='ocrx_word' id='word_1_88' title='bbox 2806 1790 3012 1869; x_wconf 82' lang='lat' dir='ltr'><strong>proxi-</strong></span> 
     </span>
     <span class='ocr_line' id='line_1_14' title="bbox 1110 1881 3012 1967; baseline 0.002 -24"><span class='ocrx_word' id='word_1_89' title='bbox 1110 1884 1222 1943; x_wconf 82' lang='lat' dir='ltr'><strong>mis</strong></span> <span class='ocrx_word' id='word_1_90' title='bbox 1265 1881 1415 1945; x_wconf 86' lang='lat' dir='ltr'><strong>locis</strong></span> <span class='ocrx_word' id='word_1_91' title='bbox 1464 1884 1696 1956; x_wconf 83' lang='lat' dir='ltr'><strong>relicta,</strong></span> <span class='ocrx_word' id='word_1_92' title='bbox 1749 1885 1947 1967; x_wconf 85' lang='lat' dir='ltr'><strong>plures</strong></span> <span class='ocrx_word' id='word_1_93' title='bbox 1992 1886 2292 1947; x_wconf 76' lang='lat' dir='ltr'><strong>revertisse</strong></span> <span class='ocrx_word' id='word_1_94' title='bbox 2342 1884 2658 1967; x_wconf 77' lang='lat' dir='ltr'><strong>Smyrnam</strong></span> <span class='ocrx_word' id='word_1_95' title='bbox 2707 1888 3012 1965; x_wconf 81' lang='lat' dir='ltr'><strong>cognovit.</strong></span> 
     </span>
     <span class='ocr_line' id='line_1_15' title="bbox 815 1977 3012 2065; baseline 0.002 -26"><span class='ocrx_word' id='word_1_96' title='bbox 815 1996 921 2047; x_wconf 81' lang='lat' dir='ltr'><strong>cic.</strong></span> <span class='ocrx_word' id='word_1_97' title='bbox 937 1995 1068 2047; x_wconf 78' lang='lat' dir='ltr'><strong>Phil.</strong></span> <span class='ocrx_word' id='word_1_98' title='bbox 1108 1977 1265 2040; x_wconf 79' lang='lat' dir='ltr'><strong>Tum</strong></span> <span class='ocrx_word' id='word_1_99' title='bbox 1307 1999 1447 2042; x_wconf 84' lang='lat' dir='ltr'><strong>vero</strong></span> <span class='ocrx_word' id='word_1_100' title='bbox 1493 2002 1716 2064; x_wconf 87' lang='lat' dir='ltr'><strong>paucos</strong></span> <span class='ocrx_word' id='word_1_101' title='bbox 1759 1981 1898 2043; x_wconf 87' lang='lat' dir='ltr'><strong>illos</strong></span> <span class='ocrx_word' id='word_1_102' title='bbox 1939 2003 2044 2064; x_wconf 86' lang='lat' dir='ltr'><strong>per</strong></span> <span class='ocrx_word' id='word_1_103' title='bbox 2097 1983 2339 2044; x_wconf 88' lang='lat' dir='ltr'><strong>insidias</strong></span> <span class='ocrx_word' id='word_1_104' title='bbox 2383 1982 2645 2045; x_wconf 79' lang='lat' dir='ltr'><strong>delevit:</strong></span> <span class='ocrx_word' id='word_1_105' title='bbox 2669 1984 3012 2065; x_wconf 80' lang='lat' dir='ltr'><strong>statimque</strong></span> 
     </span>
    </p>
   </div>
   <div class='ocr_carea' id='block_1_3' title="bbox 778 2066 3014 2258">
    <p class='ocr_par' dir='ltr' id='par_1_4' title="bbox 778 2066 3014 2258">
     <span class='ocr_line' id='line_1_16' title="bbox 784 2066 3014 2177; baseline 0.003 -42"><span class='ocrx_word' id='word_1_106' title='bbox 784 2066 1009 2177; x_wconf 47' lang='lat' dir='ltr'><strong>:12²th</strong></span> <span class='ocrx_word' id='word_1_107' title='bbox 1110 2074 1427 2157; x_wconf 85' lang='lat' dir='ltr'><strong>Smyrnam</strong></span> <span class='ocrx_word' id='word_1_108' title='bbox 1450 2078 1837 2151; x_wconf 86' lang='lat' dir='ltr'><strong>contendens,</strong></span> <span class='ocrx_word' id='word_1_109' title='bbox 1862 2076 2332 2141; x_wconf 81' lang='lat' dir='ltr'><strong>fidelissimorum</strong></span> <span class='ocrx_word' id='word_1_110' title='bbox 2359 2078 3014 2161; x_wconf 75' lang='lat' dir='ltr'><strong>antiquissimorumque</strong></span> 
     </span>
     <span class='ocr_line' id='line_1_17' title="bbox 778 2174 3014 2258; baseline -0 -20"><span class='ocrx_word' id='word_1_111' title='bbox 778 2188 883 2238; x_wconf 85' lang='lat' dir='ltr'><strong>Dio</strong></span> <span class='ocrx_word' id='word_1_112' title='bbox 1106 2175 1403 2234; x_wconf 83' lang='lat' dir='ltr'><strong>sociorum</strong></span> <span class='ocrx_word' id='word_1_113' title='bbox 1455 2174 1742 2258; x_wconf 88' lang='lat' dir='ltr'><strong>oppidum</strong></span> <span class='ocrx_word' id='word_1_114' title='bbox 1783 2176 1991 2258; x_wconf 84' lang='lat' dir='ltr'><strong>irrupit</strong></span> <span class='ocrx_word' id='word_1_115' title='bbox 2027 2185 2230 2247; x_wconf 87' lang='lat' dir='ltr'><strong>noctu,</strong></span> <span class='ocrx_word' id='word_1_116' title='bbox 2269 2176 2450 2238; x_wconf 85' lang='lat' dir='ltr'><strong>scalis</strong></span> <span class='ocrx_word' id='word_1_117' title='bbox 2496 2176 2574 2237; x_wconf 86' lang='lat' dir='ltr'><strong>ad</strong></span> <span class='ocrx_word' id='word_1_118' title='bbox 2617 2177 2852 2247; x_wconf 85' lang='lat' dir='ltr'><strong>moenia,</strong></span> <span class='ocrx_word' id='word_1_119' title='bbox 2887 2196 3014 2257; x_wconf 83' lang='lat' dir='ltr'><strong>qua</strong></span> 
     </span>
    </p>
   </div>
   <div class='ocr_carea' id='block_1_4' title="bbox 782 2225 3014 2551">
    <p class='ocr_par' dir='ltr' id='par_1_5' title="bbox 782 2225 3014 2551">
     <span class='ocr_line' id='line_1_18' title="bbox 782 2225 3010 2355; baseline 0.002 -25"><span class='ocrx_word' id='word_1_120' title='bbox 782 2225 999 2320; x_wconf 49' lang='lat' dir='ltr'><strong>APlkffl·</strong></span> <span class='ocrx_word' id='word_1_121' title='bbox 1107 2290 1316 2351; x_wconf 85' lang='lat' dir='ltr'><strong>parum</strong></span> <span class='ocrx_word' id='word_1_122' title='bbox 1364 2280 1591 2333; x_wconf 86' lang='lat' dir='ltr'><strong>attente</strong></span> <span class='ocrx_word' id='word_1_123' title='bbox 1638 2273 2146 2345; x_wconf 75' lang='lat' dir='ltr'><strong>custodiebantur,</strong></span> <span class='ocrx_word' id='word_1_124' title='bbox 2189 2274 2495 2355; x_wconf 73' lang='lat' dir='ltr'><strong>appositis.</strong></span> <span class='ocrx_word' id='word_1_125' title='bbox 2573 2272 2904 2335; x_wconf 68' lang='lat' dir='ltr'><strong>Trebonium</strong></span> <span class='ocrx_word' id='word_1_126' title='bbox 2947 2278 3010 2335; x_wconf 89' lang='lat' dir='ltr'><strong>in</strong></span> 
     </span>
     <span class='ocr_line' id='line_1_19' title="bbox 1106 2368 3014 2452; baseline 0.001 -23"><span class='ocrx_word' id='word_1_127' title='bbox 1106 2368 1295 2429; x_wconf 85' lang='lat' dir='ltr'><strong>cubili</strong></span> <span class='ocrx_word' id='word_1_128' title='bbox 1318 2368 1738 2451; x_wconf 85' lang='lat' dir='ltr'><strong>deprehensus,</strong></span> <span class='ocrx_word' id='word_1_129' title='bbox 1773 2392 1908 2432; x_wconf 87' lang='lat' dir='ltr'><strong>eum</strong></span> <span class='ocrx_word' id='word_1_130' title='bbox 1936 2371 2014 2432; x_wconf 84' lang='lat' dir='ltr'><strong>ad</strong></span> <span class='ocrx_word' id='word_1_131' title='bbox 2043 2370 2424 2432; x_wconf 81' lang='lat' dir='ltr'><strong>Dolabellam</strong></span> <span class='ocrx_word' id='word_1_132' title='bbox 2465 2369 2680 2430; x_wconf 87' lang='lat' dir='ltr'><strong>deduci</strong></span> <span class='ocrx_word' id='word_1_133' title='bbox 2719 2381 3014 2452; x_wconf 82' lang='lat' dir='ltr'><strong>posceret,</strong></span> 
     </span>
     <span class='ocr_line' id='line_1_20' title="bbox 816 2466 3011 2551; baseline 0.002 -27"><span class='ocrx_word' id='word_1_134' title='bbox 816 2473 925 2527; x_wconf 72' lang='lat' dir='ltr'><strong>cic.</strong></span> <span class='ocrx_word' id='word_1_135' title='bbox 938 2474 1068 2527; x_wconf 79' lang='lat' dir='ltr'><strong>Phil.</strong></span> <span class='ocrx_word' id='word_1_136' title='bbox 1106 2466 1693 2528; x_wconf 80' lang='lat' dir='ltr'><strong>contumeliosissime</strong></span> <span class='ocrx_word' id='word_1_137' title='bbox 1713 2476 2022 2551; x_wconf 84' lang='lat' dir='ltr'><strong>exceptus,</strong></span> <span class='ocrx_word' id='word_1_138' title='bbox 2042 2467 2255 2529; x_wconf 89' lang='lat' dir='ltr'><strong>deinde</strong></span> <span class='ocrx_word' id='word_1_139' title='bbox 2275 2466 2570 2529; x_wconf 79' lang='lat' dir='ltr'><strong>Samiario</strong></span> <span class='ocrx_word' id='word_1_140' title='bbox 2587 2468 2827 2529; x_wconf 87' lang='lat' dir='ltr'><strong>cuidam</strong></span> <span class='ocrx_word' id='word_1_141' title='bbox 2845 2468 3011 2528; x_wconf 87' lang='lat' dir='ltr'><strong>exuli</strong></span> 
     </span>
    </p>
   </div>
   <div class='ocr_carea' id='block_1_5' title="bbox 780 2543 3014 2841">
    <p class='ocr_par' dir='ltr' id='par_1_6' title="bbox 780 2543 3014 2841">
     <span class='ocr_line' id='line_1_21' title="bbox 785 2543 3014 2648; baseline 0.002 -25"><span class='ocrx_word' id='word_1_142' title='bbox 785 2554 862 2591; x_wconf 52' lang='grc' dir='ltr'><strong>κ’·</strong></span> <span class='ocrx_word' id='word_1_143' title='bbox 880 2543 933 2591; x_wconf 72' lang='lat'><strong>²·</strong></span> <span class='ocrx_word' id='word_1_144' title='bbox 1107 2564 1379 2637; x_wconf 88' lang='lat' dir='ltr'><strong>traditus,</strong></span> <span class='ocrx_word' id='word_1_145' title='bbox 1424 2566 1673 2625; x_wconf 80' lang='lat' dir='ltr'><strong>verbera</strong></span> <span class='ocrx_word' id='word_1_146' title='bbox 1715 2574 1894 2647; x_wconf 88' lang='lat' dir='ltr'><strong>atque</strong></span> <span class='ocrx_word' id='word_1_147' title='bbox 1937 2574 2228 2627; x_wconf 82' lang='lat' dir='ltr'><strong>tormenta</strong></span> <span class='ocrx_word' id='word_1_148' title='bbox 2271 2562 2540 2648; x_wconf 88' lang='lat' dir='ltr'><strong>pertulit,</strong></span> <span class='ocrx_word' id='word_1_149' title='bbox 2593 2586 2666 2626; x_wconf 87' lang='lat' dir='ltr'><strong>ne</strong></span> <span class='ocrx_word' id='word_1_150' title='bbox 2708 2563 3014 2648; x_wconf 79' lang='lat' dir='ltr'><strong>publicam</strong></span> 
     </span>
     <span class='ocr_line' id='line_1_22' title="bbox 1109 2661 1738 2744; baseline 0.003 -23"><span class='ocrx_word' id='word_1_151' title='bbox 1109 2661 1421 2743; x_wconf 87' lang='lat' dir='ltr'><strong>pecuniam</strong></span> <span class='ocrx_word' id='word_1_152' title='bbox 1446 2662 1738 2744; x_wconf 88' lang='lat' dir='ltr'><strong>proderet.</strong></span> 
     </span>
     <span class='ocr_line' id='line_1_23' title="bbox 780 2758 3014 2841; baseline 0.002 -25"><span class='ocrx_word' id='word_1_153' title='bbox 780 2768 913 2817; x_wconf 80' lang='lat' dir='ltr'><strong>vell.</strong></span> <span class='ocrx_word' id='word_1_154' title='bbox 929 2774 1085 2821; x_wconf 69' lang='lat' dir='ltr'><strong>mov.</strong></span> <span class='ocrx_word' id='word_1_155' title='bbox 1188 2766 1247 2819; x_wconf 86' lang='lat'><strong>4.</strong></span> <span class='ocrx_word' id='word_1_156' title='bbox 1292 2758 1627 2838; x_wconf 86' lang='lat' dir='ltr'><strong>Postquam</strong></span> <span class='ocrx_word' id='word_1_157' title='bbox 1653 2762 2139 2839; x_wconf 44' lang='lat' dir='ltr'><strong>sic‘excruciatus</strong></span> <span class='ocrx_word' id='word_1_158' title='bbox 2161 2769 2249 2820; x_wconf 87' lang='lat' dir='ltr'><strong>est</strong></span> <span class='ocrx_word' id='word_1_159' title='bbox 2266 2760 2476 2831; x_wconf 86' lang='lat' dir='ltr'><strong>biduo,</strong></span> <span class='ocrx_word' id='word_1_160' title='bbox 2504 2769 2523 2798; x_wconf 88' lang='lat'>‘</span> <span class='ocrx_word' id='word_1_161' title='bbox 2545 2768 2726 2841; x_wconf 86' lang='lat' dir='ltr'><strong>caput</strong></span> <span class='ocrx_word' id='word_1_162' title='bbox 2749 2760 3014 2822; x_wconf 84' lang='lat' dir='ltr'><strong>abscidi’</strong></span> 
     </span>
    </p>
   </div>
   <div class='ocr_carea' id='block_1_6' title="bbox 783 2834 3012 2953">
    <p class='ocr_par' dir='ltr' id='par_1_7' title="bbox 783 2834 3012 2953">
     <span class='ocr_line' id='line_1_24' title="bbox 783 2834 3012 2953; baseline 0.005 -44"><span class='ocrx_word' id='word_1_163' title='bbox 783 2834 1083 2953; x_wconf 44' lang='grc' dir='ltr'><strong>3ἔῷῙέξῂ</strong></span> <span class='ocrx_word' id='word_1_164' title='bbox 1095 2856 1278 2935; x_wconf 81' lang='lat' dir='ltr'><strong>jussit</strong></span> <span class='ocrx_word' id='word_1_165' title='bbox 1304 2856 1670 2917; x_wconf 85' lang='lat' dir='ltr'><strong>Dolabella:</strong></span> <span class='ocrx_word' id='word_1_166' title='bbox 1715 2858 1896 2938; x_wconf 85' lang='lat' dir='ltr'><strong>idque</strong></span> <span class='ocrx_word' id='word_1_167' title='bbox 1935 2860 1996 2919; x_wconf 88' lang='lat' dir='ltr'><strong>in</strong></span> <span class='ocrx_word' id='word_1_168' title='bbox 2033 2857 2448 2918; x_wconf 76' lang='lat' dir='ltr'><strong>tribunali-ubi</strong></span> <span class='ocrx_word' id='word_1_169' title='bbox 2462 2859 2569 2939; x_wconf 85' lang='lat' dir='ltr'><strong>jus</strong></span> <span class='ocrx_word' id='word_1_170' title='bbox 2594 2856 2842 2919; x_wconf 87' lang='lat' dir='ltr'><strong>reddere</strong></span> <span class='ocrx_word' id='word_1_171' title='bbox 2867 2879 3012 2919; x_wconf 85' lang='lat' dir='ltr'><strong>con-</strong></span> 
     </span>
    </p>
   </div>
   <div class='ocr_carea' id='block_1_7' title="bbox 780 2954 3012 3039">
    <p class='ocr_par' dir='ltr' id='par_1_8' title="bbox 780 2954 3012 3039">
     <span class='ocr_line' id='line_1_25' title="bbox 780 2954 3012 3039; baseline 0.003 -29"><span class='ocrx_word' id='word_1_172' title='bbox 780 2962 995 3039; x_wconf 68' lang='lat' dir='ltr'><strong>Appian-</strong></span> <span class='ocrx_word' id='word_1_173' title='bbox 1104 2962 1377 3015; x_wconf 84' lang='lat' dir='ltr'><strong>sueverat</strong></span> <span class='ocrx_word' id='word_1_174' title='bbox 1426 2956 1816 3036; x_wconf 87' lang='lat' dir='ltr'><strong>propositum,</strong></span> <span class='ocrx_word' id='word_1_175' title='bbox 1866 2956 2082 3017; x_wconf 88' lang='lat' dir='ltr'><strong>deinde</strong></span> <span class='ocrx_word' id='word_1_176' title='bbox 2129 2955 2208 3018; x_wconf 82' lang='lat' dir='ltr'><strong>ad</strong></span> <span class='ocrx_word' id='word_1_177' title='bbox 2261 2954 2520 3015; x_wconf 82' lang='lat' dir='ltr'><strong>Oaesaris</strong></span> <span class='ocrx_word' id='word_1_178' title='bbox 2565 2964 2824 3015; x_wconf 85' lang='lat' dir='ltr'><strong>statuam</strong></span> <span class='ocrx_word' id='word_1_179' title='bbox 2875 2976 3012 3038; x_wconf 88' lang='lat' dir='ltr'><strong>pro-</strong></span> 
     </span>
    </p>
   </div>
   <div class='ocr_carea' id='block_1_8' title="bbox 782 3027 3011 3145">
    <p class='ocr_par' dir='ltr' id='par_1_9' title="bbox 782 3027 3011 3145">
     <span class='ocr_line' id='line_1_26' title="bbox 782 3027 3011 3145; baseline 0.003 -36"><span class='ocrx_word' id='word_1_180' title='bbox 782 3027 921 3141; x_wconf 47' lang='lat' dir='ltr'><strong>mc}</strong></span> <span class='ocrx_word' id='word_1_181' title='bbox 951 3092 1079 3145; x_wconf 78' lang='lat' dir='ltr'><strong>Phil.</strong></span> <span class='ocrx_word' id='word_1_182' title='bbox 1094 3052 1351 3129; x_wconf 80' lang='lat' dir='ltr'><strong>jectum,</strong></span> <span class='ocrx_word' id='word_1_183' title='bbox 1378 3052 1505 3132; x_wconf 88' lang='lat' dir='ltr'><strong>pilo</strong></span> <span class='ocrx_word' id='word_1_184' title='bbox 1528 3050 1874 3113; x_wconf 83' lang='lat' dir='ltr'><strong>suffixerunt</strong></span> <span class='ocrx_word' id='word_1_185' title='bbox 1898 3053 2137 3124; x_wconf 77' lang='lat' dir='ltr'><strong>milites,</strong></span> <span class='ocrx_word' id='word_1_186' title='bbox 2167 3058 2580 3133; x_wconf 74' lang='lat' dir='ltr'><strong>gestarumque</strong></span> <span class='ocrx_word' id='word_1_187' title='bbox 2599 3054 2824 3113; x_wconf 87' lang='lat' dir='ltr'><strong>circum</strong></span> <span class='ocrx_word' id='word_1_188' title='bbox 2849 3054 3011 3115; x_wconf 79' lang='lat' dir='ltr'><strong>vias:</strong></span> 
     </span>
    </p>
   </div>
   <div class='ocr_carea' id='block_1_9' title="bbox 780 3148 3012 3512">
    <p class='ocr_par' dir='ltr' id='par_1_10' title="bbox 786 3148 3012 3235">
     <span class='ocr_line' id='line_1_27' title="bbox 786 3148 3012 3235; baseline 0.003 -31"><span class='ocrx_word' id='word_1_189' title='bbox 786 3172 885 3206; x_wconf 73' lang='grc' dir='ltr'><strong>κη.</strong></span> <span class='ocrx_word' id='word_1_190' title='bbox 900 3162 958 3235; x_wconf 39' lang='grc'><strong>,2.</strong></span> <span class='ocrx_word' id='word_1_191' title='bbox 982 3165 1033 3207; x_wconf 78' lang='lat' dir='ltr'><strong>et</strong></span> <span class='ocrx_word' id='word_1_192' title='bbox 1106 3156 1400 3227; x_wconf 85' lang='lat' dir='ltr'><strong>postremo</strong></span> <span class='ocrx_word' id='word_1_193' title='bbox 1420 3168 1523 3229; x_wconf 89' lang='lat' dir='ltr'><strong>per</strong></span> <span class='ocrx_word' id='word_1_194' title='bbox 1540 3148 1773 3229; x_wconf 84' lang='lat' dir='ltr'><strong>plateas</strong></span> <span class='ocrx_word' id='word_1_195' title='bbox 1791 3150 1958 3211; x_wconf 86' lang='lat' dir='ltr'><strong>silice</strong></span> <span class='ocrx_word' id='word_1_196' title='bbox 1979 3158 2192 3211; x_wconf 83' lang='lat' dir='ltr'><strong>stratas</strong></span> <span class='ocrx_word' id='word_1_197' title='bbox 2211 3150 2509 3209; x_wconf 79' lang='lat' dir='ltr'><strong>mittentes</strong></span> <span class='ocrx_word' id='word_1_198' title='bbox 2527 3150 3012 3231; x_wconf 82' lang='lat' dir='ltr'><strong>remittentesque</strong></span> 
     </span>
    </p>

    <p class='ocr_par' dir='ltr' id='par_1_11' title="bbox 780 3220 3010 3424">
     <span class='ocr_line' id='line_1_28' title="bbox 780 3220 3010 3327; baseline 0.003 -26"><span class='ocrx_word' id='word_1_199' title='bbox 780 3220 996 3287; x_wconf 54' lang='grc' dir='ltr'><strong>ΛΡΜ·</strong></span> <span class='ocrx_word' id='word_1_200' title='bbox 1108 3262 1215 3322; x_wconf 88' lang='lat' dir='ltr'><strong>pro</strong></span> <span class='ocrx_word' id='word_1_201' title='bbox 1254 3242 1402 3325; x_wconf 89' lang='lat' dir='ltr'><strong>pila,</strong></span> <span class='ocrx_word' id='word_1_202' title='bbox 1442 3245 1529 3305; x_wconf 87' lang='lat' dir='ltr'><strong>sic</strong></span> <span class='ocrx_word' id='word_1_203' title='bbox 1566 3246 1992 3317; x_wconf 81' lang='lat' dir='ltr'><strong>contriverunt,</strong></span> <span class='ocrx_word' id='word_1_204' title='bbox 2023 3256 2102 3307; x_wconf 84' lang='lat' dir='ltr'><strong>ut</strong></span> <span class='ocrx_word' id='word_1_205' title='bbox 2145 3246 2402 3327; x_wconf 86' lang='lat' dir='ltr'><strong>amplius</strong></span> <span class='ocrx_word' id='word_1_206' title='bbox 2443 3246 2682 3325; x_wconf 74' lang='lat' dir='ltr'><strong>agnosci</strong></span> <span class='ocrx_word' id='word_1_207' title='bbox 2719 3248 3010 3327; x_wconf 85' lang='lat' dir='ltr'><strong>nequiret.</strong></span> 
     </span>
     <span class='ocr_line' id='line_1_29' title="bbox 1108 3336 2932 3424; baseline 0.003 -26"><span class='ocrx_word' id='word_1_208' title='bbox 1108 3336 1344 3421; x_wconf 85' lang='lat' dir='ltr'><strong>Corpus</strong></span> <span class='ocrx_word' id='word_1_209' title='bbox 1366 3349 1619 3401; x_wconf 81' lang='lat' dir='ltr'><strong>tractum</strong></span> <span class='ocrx_word' id='word_1_210' title='bbox 1648 3351 1828 3424; x_wconf 86' lang='lat' dir='ltr'><strong>atque</strong></span> <span class='ocrx_word' id='word_1_211' title='bbox 1865 3343 2188 3404; x_wconf 83' lang='lat' dir='ltr'><strong>laceratum</strong></span> <span class='ocrx_word' id='word_1_212' title='bbox 2214 3344 2276 3402; x_wconf 89' lang='lat' dir='ltr'><strong>in</strong></span> <span class='ocrx_word' id='word_1_213' title='bbox 2305 3360 2464 3404; x_wconf 89' lang='lat' dir='ltr'><strong>mare</strong></span> <span class='ocrx_word' id='word_1_214' title='bbox 2491 3343 2792 3424; x_wconf 84' lang='lat' dir='ltr'><strong>abjectum</strong></span> <span class='ocrx_word' id='word_1_215' title='bbox 2817 3354 2932 3404; x_wconf 88' lang='lat' dir='ltr'><strong>est.</strong></span> 
     </span>
    </p>

    <p class='ocr_par' dir='ltr' id='par_1_12' title="bbox 814 3436 3012 3512">
     <span class='ocr_line' id='line_1_30' title="bbox 814 3436 3012 3512; baseline 0.004 -18"><span class='ocrx_word' id='word_1_216' title='bbox 814 3460 916 3511; x_wconf 79' lang='lat' dir='ltr'><strong>cic.</strong></span> <span class='ocrx_word' id='word_1_217' title='bbox 942 3460 1003 3510; x_wconf 69' lang='lat' dir='ltr'><strong>ad</strong></span> <span class='ocrx_word' id='word_1_218' title='bbox 1188 3444 1247 3496; x_wconf 78' lang='lat'><strong>5.</strong></span> <span class='ocrx_word' id='word_1_219' title='bbox 1289 3436 1399 3496; x_wconf 83' lang='lat' dir='ltr'><strong>Ad</strong></span> <span class='ocrx_word' id='word_1_220' title='bbox 1424 3438 1581 3499; x_wconf 89' lang='lat' dir='ltr'><strong>hunc</strong></span> <span class='ocrx_word' id='word_1_221' title='bbox 1620 3438 1862 3500; x_wconf 89' lang='lat' dir='ltr'><strong>modum</strong></span> <span class='ocrx_word' id='word_1_222' title='bbox 1894 3442 2094 3501; x_wconf 89' lang='lat' dir='ltr'><strong>occiso</strong></span> <span class='ocrx_word' id='word_1_223' title='bbox 2115 3438 2440 3512; x_wconf 88' lang='lat' dir='ltr'><strong>Trebonio,</strong></span> <span class='ocrx_word' id='word_1_224' title='bbox 2475 3438 2803 3500; x_wconf 88' lang='lat' dir='ltr'><strong>Dolabella</strong></span> <span class='ocrx_word' id='word_1_225' title='bbox 2828 3452 3012 3503; x_wconf 79' lang='lat' dir='ltr'><strong>occu-</strong></span> 
     </span>
    </p>
   </div>
   <div class='ocr_carea' id='block_1_10' title="bbox 783 3522 3012 3645">
    <p class='ocr_par' dir='ltr' id='par_1_13' title="bbox 783 3522 3012 3645">
     <span class='ocr_line' id='line_1_31' title="bbox 783 3522 3012 3645; baseline 0.007 -61"><span class='ocrx_word' id='word_1_226' title='bbox 783 3522 1046 3645; x_wconf 49' lang='grc' dir='ltr'><strong>ξῖῠὲικιῐὲ</strong></span> <span class='ocrx_word' id='word_1_227' title='bbox 1106 3532 1275 3613; x_wconf 80' lang='lat' dir='ltr'><strong>pavit</strong></span> <span class='ocrx_word' id='word_1_228' title='bbox 1293 3532 1533 3606; x_wconf 82' lang='lat' dir='ltr'><strong>Asiam,</strong></span> <span class='ocrx_word' id='word_1_229' title='bbox 1557 3555 1741 3633; x_wconf 78' lang='lat' dir='ltr'><strong>seque</strong></span> <span class='ocrx_word' id='word_1_230' title='bbox 1761 3538 1988 3597; x_wconf 84' lang='lat' dir='ltr'><strong>munire</strong></span> <span class='ocrx_word' id='word_1_231' title='bbox 2009 3538 2184 3597; x_wconf 86' lang='lat' dir='ltr'><strong>rebus</strong></span> <span class='ocrx_word' id='word_1_232' title='bbox 2204 3536 2476 3597; x_wconf 87' lang='lat' dir='ltr'><strong>omnibus</strong></span> <span class='ocrx_word' id='word_1_233' title='bbox 2496 3536 2767 3610; x_wconf 84' lang='lat' dir='ltr'><strong>instituit,</strong></span> <span class='ocrx_word' id='word_1_234' title='bbox 2793 3538 3012 3599; x_wconf 84' lang='lat' dir='ltr'><strong>acerbe</strong></span> 
     </span>
    </p>
   </div>
   <div class='ocr_carea' id='block_1_11' title="bbox 780 3628 3015 3915">
    <p class='ocr_par' dir='ltr' id='par_1_14' title="bbox 780 3628 3015 3915">
     <span class='ocr_line' id='line_1_32' title="bbox 780 3628 3014 3715; baseline 0.002 -25"><span class='ocrx_word' id='word_1_235' title='bbox 780 3663 833 3703; x_wconf 79' lang='lat' dir='ltr'><strong>et</strong></span> <span class='ocrx_word' id='word_1_236' title='bbox 858 3659 938 3704; x_wconf 72' lang='lat'><strong>1⁵.</strong></span> <span class='ocrx_word' id='word_1_237' title='bbox 1104 3628 1369 3709; x_wconf 77' lang='lat' dir='ltr'><strong>cogendo</strong></span> <span class='ocrx_word' id='word_1_238' title='bbox 1394 3632 1697 3711; x_wconf 83' lang='lat' dir='ltr'><strong>pecunias,</strong></span> <span class='ocrx_word' id='word_1_239' title='bbox 1723 3640 1786 3693; x_wconf 90' lang='lat' dir='ltr'><strong>et</strong></span> <span class='ocrx_word' id='word_1_240' title='bbox 1805 3632 2053 3693; x_wconf 79' lang='lat' dir='ltr'><strong>classem</strong></span> <span class='ocrx_word' id='word_1_241' title='bbox 2079 3654 2117 3693; x_wconf 89' lang='lat' dir='ltr'><strong>a</strong></span> <span class='ocrx_word' id='word_1_242' title='bbox 2141 3630 2422 3703; x_wconf 79' lang='lat' dir='ltr'><strong>Rhodiis,</strong></span> <span class='ocrx_word' id='word_1_243' title='bbox 2460 3632 2798 3713; x_wconf 80' lang='lat' dir='ltr'><strong>Lyciisque,</strong></span> <span class='ocrx_word' id='word_1_244' title='bbox 2829 3644 3014 3715; x_wconf 86' lang='lat' dir='ltr'><strong>atque</strong></span> 
     </span>
     <span class='ocr_line' id='line_1_33' title="bbox 781 3712 3012 3836; baseline 0.003 -50"><span class='ocrx_word' id='word_1_245' title='bbox 781 3718 1033 3836; x_wconf 40' lang='lat' dir='ltr'><strong>capetu-</strong></span> <span class='ocrx_word' id='word_1_246' title='bbox 1104 3744 1185 3785; x_wconf 89' lang='lat' dir='ltr'><strong>ex</strong></span> <span class='ocrx_word' id='word_1_247' title='bbox 1226 3712 1597 3835; x_wconf 53' lang='lat' dir='ltr'><strong>IJamphylia</strong></span> <span class='ocrx_word' id='word_1_248' title='bbox 1630 3737 1695 3789; x_wconf 88' lang='lat' dir='ltr'><strong>et</strong></span> <span class='ocrx_word' id='word_1_249' title='bbox 1731 3728 1974 3803; x_wconf 86' lang='lat' dir='ltr'><strong>Cilicia,</strong></span> <span class='ocrx_word' id='word_1_250' title='bbox 2013 3750 2119 3811; x_wconf 87' lang='lat' dir='ltr'><strong>per</strong></span> <span class='ocrx_word' id='word_1_251' title='bbox 2149 3729 2222 3792; x_wconf 91' lang='lat' dir='ltr'><strong>L.</strong></span> <span class='ocrx_word' id='word_1_252' title='bbox 2254 3728 2530 3809; x_wconf 81' lang='lat' dir='ltr'><strong>Figulum</strong></span> <span class='ocrx_word' id='word_1_253' title='bbox 2563 3729 3012 3792; x_wconf 85' lang='lat' dir='ltr'><strong>contrahendo:</strong></span> 
     </span>
     <span class='ocr_line' id='line_1_34' title="bbox 782 3826 3015 3915; baseline 0.004 -33"><span class='ocrx_word' id='word_1_254' title='bbox 782 3848 891 3898; x_wconf 79' lang='lat' dir='ltr'><strong>Liv.</strong></span> <span class='ocrx_word' id='word_1_255' title='bbox 913 3850 1048 3915; x_wconf 69' lang='lat' dir='ltr'><strong>Epir.</strong></span> <span class='ocrx_word' id='word_1_256' title='bbox 1106 3840 1222 3882; x_wconf 90' lang='lat' dir='ltr'><strong>non</strong></span> <span class='ocrx_word' id='word_1_257' title='bbox 1248 3841 1484 3903; x_wconf 81' lang='lat' dir='ltr'><strong>ignarus</strong></span> <span class='ocrx_word' id='word_1_258' title='bbox 1508 3826 1869 3887; x_wconf 84' lang='lat' dir='ltr'><strong>instantium.</strong></span> <span class='ocrx_word' id='word_1_259' title='bbox 1954 3827 2199 3909; x_wconf 83' lang='lat' dir='ltr'><strong>Quippe</strong></span> <span class='ocrx_word' id='word_1_260' title='bbox 2239 3826 2669 3908; x_wconf 86' lang='lat' dir='ltr'><strong>quamprimum</strong></span> <span class='ocrx_word' id='word_1_261' title='bbox 2701 3828 2834 3887; x_wconf 77' lang='lat' dir='ltr'><strong>haee</strong></span> <span class='ocrx_word' id='word_1_262' title='bbox 2875 3838 3015 3891; x_wconf 86' lang='lat' dir='ltr'><strong>sunt</strong></span> 
     </span>
    </p>
   </div>
   <div class='ocr_carea' id='block_1_12' title="bbox 784 3912 3014 4029">
    <p class='ocr_par' dir='ltr' id='par_1_15' title="bbox 784 3912 3014 4029">
     <span class='ocr_line' id='line_1_35' title="bbox 784 3912 3014 4029; baseline 0.004 -54"><span class='ocrx_word' id='word_1_263' title='bbox 784 3912 1071 4029; x_wconf 52' lang='lat' dir='ltr'><strong>&#39;gig-Hil-</strong></span> <span class='ocrx_word' id='word_1_264' title='bbox 1106 3916 1325 3979; x_wconf 80' lang='lat' dir='ltr'><strong>Romae</strong></span> <span class='ocrx_word' id='word_1_265' title='bbox 1364 3920 1629 4000; x_wconf 78' lang='lat' dir='ltr'><strong>cog-nita,</strong></span> <span class='ocrx_word' id='word_1_266' title='bbox 1661 3922 1848 3983; x_wconf 84' lang='lat' dir='ltr'><strong>hostis</strong></span> <span class='ocrx_word' id='word_1_267' title='bbox 1887 3925 1968 3985; x_wconf 88' lang='lat' dir='ltr'><strong>ab</strong></span> <span class='ocrx_word' id='word_1_268' title='bbox 2005 3932 2215 3984; x_wconf 86' lang='lat' dir='ltr'><strong>senatu</strong></span> <span class='ocrx_word' id='word_1_269' title='bbox 2240 3923 2551 4002; x_wconf 86' lang='lat' dir='ltr'><strong>judicatus</strong></span> <span class='ocrx_word' id='word_1_270' title='bbox 2588 3930 2716 3983; x_wconf 84' lang='lat' dir='ltr'><strong>est:</strong></span> <span class='ocrx_word' id='word_1_271' title='bbox 2759 3922 3014 4005; x_wconf 85' lang='lat' dir='ltr'><strong>diesque</strong></span> 
     </span>
    </p>
   </div>
   <div class='ocr_carea' id='block_1_13' title="bbox 782 4013 3013 4157">
    <p class='ocr_par' dir='ltr' id='par_1_16' title="bbox 782 4013 3013 4157">
     <span class='ocr_line' id='line_1_36' title="bbox 782 4013 3013 4155; baseline 0.003 -78"><span class='ocrx_word' id='word_1_272' title='bbox 782 4032 995 4155; x_wconf 42' lang='lat' dir='ltr'><strong>&amp;ipim</strong></span> <span class='ocrx_word' id='word_1_273' title='bbox 1105 4013 1326 4091; x_wconf 84' lang='lat' dir='ltr'><strong>dictus,</strong></span> <span class='ocrx_word' id='word_1_274' title='bbox 1354 4018 1510 4079; x_wconf 87' lang='lat' dir='ltr'><strong>intra</strong></span> <span class='ocrx_word' id='word_1_275' title='bbox 1534 4038 1712 4099; x_wconf 88' lang='lat' dir='ltr'><strong>quem</strong></span> <span class='ocrx_word' id='word_1_276' title='bbox 1749 4018 1985 4101; x_wconf 85' lang='lat' dir='ltr'><strong>impune</strong></span> <span class='ocrx_word' id='word_1_277' title='bbox 2021 4022 2101 4081; x_wconf 89' lang='lat' dir='ltr'><strong>ab</strong></span> <span class='ocrx_word' id='word_1_278' title='bbox 2133 4040 2209 4081; x_wconf 84' lang='lat' dir='ltr'><strong>eo</strong></span> <span class='ocrx_word' id='word_1_279' title='bbox 2233 4018 2536 4081; x_wconf 84' lang='lat' dir='ltr'><strong>discedere</strong></span> <span class='ocrx_word' id='word_1_280' title='bbox 2573 4017 2795 4081; x_wconf 83' lang='lat' dir='ltr'><strong>milites</strong></span> <span class='ocrx_word' id='word_1_281' title='bbox 2824 4030 3013 4102; x_wconf 84' lang='lat' dir='ltr'><strong>atque</strong></span> 
     </span>
     <span class='ocr_line' id='line_1_37' title="bbox 836 4121 897 4157; baseline 0.033 -2"><span class='ocrx_word' id='word_1_282' title='bbox 836 4121 897 4157; x_wconf 80' lang='grc' dir='ltr'><strong>1οο</strong></span> 
     </span>
    </p>
   </div>
   <div class='ocr_carea' id='block_1_14' title="bbox 1108 4260 3013 4531">
    <p class='ocr_par' dir='ltr' id='par_1_17' title="bbox 1108 4260 3013 4531">
     <span class='ocr_line' id='line_1_38' title="bbox 1172 4260 3012 4335; baseline 0.007 -26"><span class='ocrx_word' id='word_1_283' title='bbox 1172 4260 1197 4294; x_wconf 70' lang='lat' dir='ltr'><strong>b</strong></span> <span class='ocrx_word' id='word_1_284' title='bbox 1226 4261 1368 4311; x_wconf 68' lang='lat' dir='ltr'><strong>Inter</strong></span> <span class='ocrx_word' id='word_1_285' title='bbox 1392 4269 1635 4315; x_wconf 67' lang='lat' dir='ltr'><strong>«aetorum</strong></span> <span class='ocrx_word' id='word_1_286' title='bbox 1657 4261 2022 4333; x_wconf 63' lang='lat' dir='ltr'><strong>discensionem]</strong></span> <span class='ocrx_word' id='word_1_287' title='bbox 2091 4278 2226 4317; x_wconf 82' lang='lat' dir='ltr'><strong>mus.</strong></span> <span class='ocrx_word' id='word_1_288' title='bbox 2289 4264 2481 4319; x_wconf 79' lang='lat' dir='ltr'><strong>Cicero</strong></span> <span class='ocrx_word' id='word_1_289' title='bbox 2501 4266 2730 4335; x_wconf 80' lang='lat' dir='ltr'><strong>quidem,</strong></span> <span class='ocrx_word' id='word_1_290' title='bbox 2756 4270 3012 4331; x_wconf 79' lang='lat' dir='ltr'><strong>Velleius,</strong></span> 
     </span>
     <span class='ocr_line' id='line_1_39' title="bbox 1111 4324 3013 4399; baseline 0.006 -23"><span class='ocrx_word' id='word_1_291' title='bbox 1111 4324 1335 4376; x_wconf 80' lang='lat' dir='ltr'><strong>Quinam</strong></span> <span class='ocrx_word' id='word_1_292' title='bbox 1360 4336 1600 4379; x_wconf 77' lang='lat' dir='ltr'><strong>auctores</strong></span> <span class='ocrx_word' id='word_1_293' title='bbox 1620 4328 1822 4381; x_wconf 78' lang='lat' dir='ltr'><strong>fraudis</strong></span> <span class='ocrx_word' id='word_1_294' title='bbox 1841 4332 1893 4381; x_wconf 88' lang='lat' dir='ltr'><strong>iu</strong></span> <span class='ocrx_word' id='word_1_295' title='bbox 1909 4334 2023 4383; x_wconf 84' lang='lat' dir='ltr'><strong>Do·</strong></span> <span class='ocrx_word' id='word_1_296' title='bbox 2093 4332 2332 4397; x_wconf 76' lang='lat' dir='ltr'><strong>Orosius,</strong></span> <span class='ocrx_word' id='word_1_297' title='bbox 2354 4343 2514 4399; x_wconf 81' lang='lat' dir='ltr'><strong>atque</strong></span> <span class='ocrx_word' id='word_1_298' title='bbox 2539 4334 2640 4398; x_wconf 76' lang='lat' dir='ltr'><strong>ipsi</strong></span> <span class='ocrx_word' id='word_1_299' title='bbox 2656 4332 2929 4399; x_wconf 76' lang='lat' dir='ltr'><strong>Appianas</strong></span> <span class='ocrx_word' id='word_1_300' title='bbox 2951 4346 3013 4389; x_wconf 86' lang='lat' dir='ltr'><strong>et</strong></span> 
     </span>
     <span class='ocr_line' id='line_1_40' title="bbox 1108 4390 3011 4463; baseline 0.008 -25"><span class='ocrx_word' id='word_1_301' title='bbox 1108 4390 1351 4441; x_wconf 67' lang='lat' dir='ltr'><strong>labellum</strong></span> <span class='ocrx_word' id='word_1_302' title='bbox 1372 4402 1690 4458; x_wconf 68' lang='lat' dir='ltr'><strong>comparate</strong></span> <span class='ocrx_word' id='word_1_303' title='bbox 1709 4396 2022 4447; x_wconf 74' lang='lat' dir='ltr'><strong>Trebonium</strong></span> <span class='ocrx_word' id='word_1_304' title='bbox 2091 4396 2212 4461; x_wconf 81' lang='lat' dir='ltr'><strong>Dio,</strong></span> <span class='ocrx_word' id='word_1_305' title='bbox 2245 4398 2390 4449; x_wconf 79' lang='lat' dir='ltr'><strong>nulla</strong></span> <span class='ocrx_word' id='word_1_306' title='bbox 2431 4400 2524 4449; x_wconf 77' lang='lat' dir='ltr'><strong>tali</strong></span> <span class='ocrx_word' id='word_1_307' title='bbox 2557 4400 2852 4463; x_wconf 73' lang='lat' dir='ltr'><strong>suspicione</strong></span> <span class='ocrx_word' id='word_1_308' title='bbox 2881 4402 3011 4453; x_wconf 78' lang='lat' dir='ltr'><strong>Tre-</strong></span> 
     </span>
     <span class='ocr_line' id='line_1_41' title="bbox 1108 4458 2811 4531; baseline 0.007 -27"><span class='ocrx_word' id='word_1_309' title='bbox 1108 4461 1353 4521; x_wconf 69' lang='lat' dir='ltr'><strong>arguaut,</strong></span> <span class='ocrx_word' id='word_1_310' title='bbox 1393 4458 1658 4523; x_wconf 66' lang='lat' dir='ltr'><strong>assignare</strong></span> <span class='ocrx_word' id='word_1_311' title='bbox 1704 4476 1807 4511; x_wconf 90' lang='lat' dir='ltr'><strong>uon</strong></span> <span class='ocrx_word' id='word_1_312' title='bbox 1847 4477 2022 4527; x_wconf 76' lang='lat' dir='ltr'><strong>possu-</strong></span> <span class='ocrx_word' id='word_1_313' title='bbox 2089 4462 2303 4515; x_wconf 84' lang='lat' dir='ltr'><strong>bonium</strong></span> <span class='ocrx_word' id='word_1_314' title='bbox 2325 4471 2630 4531; x_wconf 73' lang='lat' dir='ltr'><strong>aspergunt.</strong></span> <span class='ocrx_word' id='word_1_315' title='bbox 2667 4466 2811 4517; x_wconf 76' lang='lat' dir='ltr'><strong>cm.</strong></span> 
     </span>
    </p>
   </div>
   <div class='ocr_carea' id='block_1_15' title="bbox 3289 0 3292 857">
    <p class='ocr_par' dir='ltr' id='par_1_18' title="bbox 3289 0 3292 857">
     <span class='ocr_line' id='line_1_42' title="bbox 3289 0 3292 857; baseline 0 0"><span class='ocrx_word' id='word_1_316' title='bbox 3289 0 3292 857; x_wconf 95' lang='lat' dir='ltr'><strong> </strong></span> 
     </span>
    </p>
   </div>
  </div>
 </body>
</html>
