3300 5234
778 628 956 695 5242
1755 646 1823 694 r.
1873 644 2057 694 mvn

1104 788 1508 871 populumque
1539 787 1883 849 Romanum
1921 806 2027 868 per
2050 786 2250 846 omnia
2272 804 2444 847 saera
2472 784 2775 867 foedusque
2802 787 2861 847 in
2890 785 3009 849 Ca-

1104 887 1314 967 pitolio
1347 887 1639 946 sancitum
1671 904 1779 945 rex
1814 884 2244 957 obtestabatur,
2272 892 2341 943 ut
2363 880 2659 962 judicium
2690 902 2861 944 suum
2894 882 3009 945 sal-

1145 1000 1242 1041 um
1395 991 1440 1041 t.

1101 1002 1144 1043 v
1181 1000 1488 1140 θοῗᾩέτεσ
1523 1097 1667 1139 vero
1692 1077 1902 1137 mirum
1927 1076 1989 1136 in
2018 1074 2254 1137 modum
2284 1078 2584 1156 angebant
2615 1078 2807 1157 reg-ios
2830 1078 3009 1139 satel-

773 1184 908 1241 Plut.
929 1186 1054 1239 Ces.
1097 1176 1255 1248 lites,
1281 1175 1610 1237 Pothinum
1635 1176 1917 1246 maxime,
1940 1176 2045 1254 qui
2072 1172 2413 1255 Cleopatrae
2432 1195 2612 1254 regno
2634 1174 3007 1257 expellenda:

1095 1280 1326 1345 auctor,
1352 1272 1604 1332 reditum
1631 1270 1816 1342 illius,
1838 1278 1913 1329 ut
1942 1278 2188 1330 mortem
2216 1290 2407 1341 suam,
2432 1271 2727 1332 horrebat.
2816 1271 3009 1351 Igitur

1095 1371 1284 1452 primo
1319 1389 1456 1430 cum
1482 1368 1721 1429 Caesare
1748 1386 1955 1445 agere:
2002 1374 2021 1401 ‘
2044 1364 2379 1426 discederet
2402 1367 2481 1427 ud
2499 1369 2789 1445 majorum
2815 1386 3005 1429 rerum

1093 1464 1532 1547 componendos
1569 1463 1891 1532 tumultus:
1934 1462 2245 1534 creditum,
2274 1468 2339 1521 et
2371 1471 2571 1524 cetera
2605 1483 2709 1544 per
2744 1484 3005 1527 commo-

1091 1562 1259 1633 dum,
1285 1570 1349 1622 et
1371 1560 1638 1621 maxima
1660 1580 1798 1621 cum
1826 1559 2016 1639 gratia
2038 1560 2423 1639 recepturus?
2506 1558 2630 1621 Sed
2656 1560 2761 1621 ille
2788 1581 3008 1643 neg-ans

1003 1708 1006 1713 .
1093 1668 1112 1696 ⁴
1143 1662 1494 1740 cuj-usquam
1521 1656 1794 1739 AEgyptii
1828 1656 2073 1719 consilio
2108 1656 2223 1715 sibi
2258 1674 2411 1735 opus
2440 1676 2588 1727 esse,
2614 1656 2695 1717 ud
2720 1678 2783 1717 se
2804 1661 3005 1721 venire

771 1764 900 1820 eu.
1092 1774 1258 1835 reges
1281 1755 1517 1816 dimisso
1541 1756 1831 1826 exercitu,
1858 1764 1923 1815 et
1944 1754 2277 1835 disceptare
2300 1751 2375 1813 de
2390 1754 2529 1833 jure
2554 1774 2663 1814 suo
2678 1757 2695 1781 ’
2718 1756 2923 1836 jussit.

767 1862 902 1915 Plut.
1173 1860 1276 1914 31.
1316 1852 1514 1913 Tanto
1555 1852 1729 1934 plura
1765 1851 1843 1912 ad
1870 1852 2156 1913 invidiam
2181 1852 2313 1930 ejus
2338 1859 2402 1910 et
2423 1850 2847 1912 contumeliam
2872 1852 3003 1915 Po·

1092 1950 1294 2011 thinus
1326 1949 1559 2010 facere:
1599 1948 1959 2009 frumentum
1993 1957 2170 2007 vetus
2204 1956 2267 2006 et
2289 1954 2629 2027 corruptum
2652 1946 3001 2010 distribuere

1089 2047 1397 2119 militibus,
1438 2055 1502 2107 et
1545 2046 1649 2107 ubi
1690 2046 2107 2127 querebantur,
2151 2054 2169 2081 ⁶
2200 2045 2492 2125 patienter
2528 2044 2835 2106 ferendum
2850 2048 2871 2077 '
2908 2046 2999 2107 di-

1087 2163 1244 2205 cere.
1326 2153 1345 2180 ·
1375 2142 1516 2205 Jam
1550 2144 1708 2202 enim
1742 2162 1845 2203 eos
1885 2140 1969 2201 de.
2003 2140 2197 2201 alieno
2229 2140 2496 2212 tolerari,
2528 2143 2761 2203 cunctis
2798 2144 2859 2203 in
2892 2164 2999 2225 po·

1087 2248 1360 2301 testatem
1401 2239 1655 2300 Caesaris
1694 2237 2225 2299 concedentibus.'¹
2304 2238 2602 2298 Convivia
2625 2258 2867 2319 quoque
2892 2239 2999 2320 fig-

1089 2335 1213 2396 lina
1251 2336 1564 2417 ligneaque
1601 2334 1970 2417 supellectile
2003 2335 2353 2404 instruebat,
2382 2344 2399 2370 ‘
2430 2344 2709 2413 argentea
2732 2345 2799 2396 et
2821 2356 2999 2397 aurea

1086 2452 1233 2495 vusa
1267 2434 1496 2495 Caesari
1531 2433 1592 2493 in
1629 2432 1890 2493 solutum
1926 2430 2059 2491 dari
2096 2429 2399 2490 debuisse?
2432 2450 2746 2492 excusans.
2830 2433 2993 2501 Quin

763 2526 902 2576 0¹¹⁰·-
1085 2538 1150 2592 et
1179 2550 1410 2615 sacram
1445 2530 1753 2613 pecuniam
1790 2530 1907 2589 hac
1934 2528 2374 2610 praescriptione
2400 2528 2653 2589 tollebat
2674 2550 2710 2589 e
2736 2530 2995 2611 templis,

760 2622 882 2676 Dio.
1013 2622 1020 2631 ’
1086 2647 1207 2688 rem
1235 2627 1535 2710 AEgyptiis
1576 2626 2035 2697 acerbissimam,
2063 2645 2186 2705 qua
2212 2634 2384 2703 gente
2420 2626 2568 2685 nihil
2592 2626 2711 2685 fuit
2736 2643 2997 2706 unquam

1083 2725 1482 2805 superstitioni
1527 2722 1840 2785 addictius.
1944 2721 2373 2801 Arguebatque
2420 2722 2580 2783 clam
2622 2722 2993 2803 iniquitatem

1087 2819 1362 2893 Cauris,
1389 2822 1494 2901 qui
1529 2830 1759 2882 tantam
1794 2821 1924 2879 sine
1958 2840 2139 2879 causa
2176 2819 2489 2899 pecuniam
2520 2828 2768 2899 peteret,
2798 2830 2868 2881 ut
2890 2822 2995 2903 qui

795 2924 996 2974 Sueton-
1086 2917 1442 2989 Ptolemaeo,
1463 2916 1606 2978 dum
1631 2918 1823 2977 socius
1850 2926 1912 2977 et
1934 2936 2040 2976 rex
2062 2915 2481 2997 appellaretur,
2505 2916 2652 2977 nihil
2678 2920 2993 2992 recusanti,

759 2988 885 3041 θ’*
906 3008 954 3043 ⁰·
977 2997 1061 3043 ⁵⁴·
1081 3032 1189 3074 suo
1217 3014 1618 3095 Pompeiique
1643 3014 1880 3074 nomine
1900 3033 2083 3094 prope
2101 3033 2210 3073 sex
2230 3013 2423 3073 millia
2441 3010 2834 3095 talentorum*
2860 3017 2993 3076 abs-

756 3118 884 3171 Coes.
915 3118 1037 3172 Dio.
1082 3110 1329 3172 tulisset.
1413 3110 1589 3171 Misit
1621 3118 1687 3169 et
1721 3109 1799 3170 ad
1832 3108 2142 3170 Achillam
2180 3111 2417 3170 nuntios
2454 3109 2531 3170 de
2568 3130 2675 3170 suo
2706 3110 2995 3171 aliorum-

757 3184 975 3301 ὲξὲῗ·
1041 3252 1054 3265 .
1081 3228 1198 3288 que
1238 3228 1314 3268 ex
1356 3198 1534 3286 rngiis
1571 3207 1779 3269 amicis
1822 3206 2096 3278 consilio,
2137 3227 2287 3287 quos
2327 3206 2405 3266 ad
2444 3206 2694 3267 eandem
2734 3220 2993 3271 mentem

1079 3305 1418 3387 impulerat,
1443 3324 1580 3365 cum
1605 3304 1871 3364 exercitu
1887 3304 2111 3382 jubens
2136 3302 2575 3363 Alexandriam
2604 3304 2912 3367 accedere.

785 3412 970 3467 Lucan.
1161 3406 1262 3462 32.
1306 3400 1428 3461 Sed
1467 3400 1825 3481 inspeciem
1868 3401 2063 3459 amica
2101 3409 2271 3460 eraut
2310 3401 2532 3470 omnia,
2568 3409 2633 3460 et
2670 3402 2991 3464 tumultum

754 3484 916 3595 *τε*
1079 3495 1514 3558 Alexandrinae
1552 3497 1752 3587 plebis
1781 3516 2048 3558 reversus
2088 3516 2127 3555 a
2165 3495 2419 3557 Pelusio
2453 3516 2559 3555 rex
2600 3516 2745 3577 puer
2784 3498 2991 3577 placa-

1073 3710 1242 3751 suam
1285 3710 1527 3751 causam
1569 3698 1831 3769 agerent.
1917 3688 2039 3748 Sed
2081 3688 2264 3769 paulo
2303 3697 2459 3769 post,
2490 3688 2765 3749 ‘Caeearis
2808 3691 2989 3752 intel-

1075 3786 1246 3849 lectis
1303 3787 1583 3874 moribus,
1635 3805 1878 3865 suaeque
1936 3783 2141 3845 formae
2192 3794 2255 3845 et
2301 3786 2597 3847 venustati
2658 3785 2987 3859 confidens,

1073 3884 1312 3944 omnino
1357 3882 1691 3944 conandum
1735 3882 2118 3953 existimavit,
2160 3892 2229 3942 ut
2272 3882 2351 3942 ab
2394 3882 2627 3943 homine
2672 3882 2987 3945 muliereso

1071 3981 1527 4063 conspiceretur.
1615 3978 1922 4051 Ceterum,
1962 3979 2014 4039 si
2058 3976 2258 4061 palam
2295 3980 2574 4052 venisset,
2610 3980 2734 4041 vim
2772 3980 2854 4041 ab
2890 3989 2983 4041 tu·

1137 4205 1384 4255 ¹Cmti⁸
1399 4204 1456 4255 in
1472 4209 1754 4269 potestatem
1780 4202 1993 4253 Coesan'a
2060 4202 2291 4253 surianos
2340 4202 2537 4254 debere
2598 4217 2749 4267 aeqno
2808 4204 2981 4253 animo

1069 4270 1450 4334 concedentibus]
1507 4270 1625 4321 Hoc
1664 4268 1991 4319 additanren-
2059 4283 2198 4325 ense,
2234 4283 2352 4349 cum
2386 4284 2456 4319 ex
2480 4268 2653 4320 alieno
2676 4268 2983 4321 tolerentur.

1071 4342 1180 4385 tum
1217 4344 1301 4385 cst
1339 4335 1696 4397 Freinshemii,
1732 4350 1833 4396 quo
1872 4350 1991 4384 cor·
2062 4334 2205 4383 Creu.
2305 4351 2313 4357 ·

1069 4399 1238 4465 rumpi
1263 4408 1320 4449 et
1351 4400 1615 4449 obncurari
1638 4414 1823 4449 sensus
1844 4400 1987 4449 vide·
2126 4396 2151 4432 ¹¹
2183 4398 2286 4448 Sex
2307 4398 2459 4448 millia
2495 4394 2805 4459 talentorum]
2838 4398 2979 4449 Mar·

1072 4472 1174 4515 tur.
1235 4464 1392 4527 Apud
1425 4465 1765 4514 Plutarchum
1809 4465 1992 4514 Potui-
2062 4477 2150 4514 ου
2168 4472 2435 4516 nostrates
2453 4468 2667 4515 562500.
2702 4465 2848 4514 Creu.

1071 4544 1168 4581 nus
1205 4528 1304 4581 hoc
1341 4530 1701 4581 tantummodo
1738 4528 1843 4580 ait:
1878 4528 1990 4579 Cae·

1076 3603 1283 3664 verat3
1352 3603 1417 3655 et
1473 3594 1800 3675 Cleopatra
1848 3592 2139 3673 quosdam
2192 3594 2513 3652 amicorum
2566 3593 2830 3664 miserat,
2886 3596 2989 3675 qui
3092 3612 3097 3617 ·
