3300 5234
745 498 923 565 5212
1203 476 1210 485 '
1455 474 1466 483 '
1720 518 1793 563 τ.
1842 516 2037 565 mvn

1071 656 1240 717 illum
1281 656 1664 729 Macedonia,
1700 680 1803 739 per
1848 659 2022 719 istum
2060 654 2389 729 Thessalia,
2424 678 2531 740 per
2562 659 2719 720 hunc
2755 658 2979 721 AEtolia

1073 748 1506 835 reciperentur3
1563 755 1734 815 simul
1778 776 1871 815 res
1916 754 2295 815 frumentaria
2338 756 2547 816 horum
2590 776 2775 837 opera
2816 756 2982 817 fieret

1073 850 1428 931 expeditior.
1527 851 1693 933 Ipse,
1743 852 2103 933 Pompeium
2162 854 2481 925 insecutus,
2530 862 2729 913 castra
2778 856 2983 914 castris

1071 948 1130 1025 ej
1139 967 1206 1006 us
1253 948 1548 1028 opposuit,
1607 958 1675 1009 et
1726 947 2001 1028 postridie
2052 949 2239 1029 copiis
2282 949 2581 1009 instructis
2632 959 2983 1030 potestatem

1075 1044 1377 1123 pugnandi
1417 1044 1584 1105 fecit.
1688 1042 1811 1104 Sed
1854 1043 2153 1124 Pompeio
2192 1046 2401 1105 castris
2440 1066 2502 1105 se
2548 1054 2809 1117 tenente,
2848 1068 2983 1127 pos·

1072 1149 1202 1199 tero
1233 1140 1334 1199 die
1375 1161 1481 1221 per
1513 1141 1883 1201 circumitum
1916 1149 2223 1220 tectaeque
2260 1134 2510 1202 arbustis
2542 1143 2672 1202 vias
2714 1140 2984 1223 Dyrrha-

1072 1236 1268 1297 chium
1313 1246 1606 1318 properat.
1692 1235 1979 1295 Recurrit
2019 1236 2227 1297 eodem
2273 1237 2645 1318 Pompeius:
2698 1237 2803 1297 sed
2844 1240 2988 1318 quia

1077 1332 1334 1395 caesaris
1367 1334 1679 1395 consilium
1724 1332 2035 1414 aliquanto
2070 1336 2252 1394 serius
2292 1344 2671 1413 cognoverat,
2710 1334 2989 1395 exclusus

1075 1430 1154 1489 ab
1199 1430 1444 1511 oppido,
1487 1430 1817 1511 propinquo
1862 1428 2015 1490 colle
2054 1430 2332 1506 (Petram
2384 1432 2680 1491 vocabant
2716 1430 2988 1511 Dyrrha-

1155 1547 1170 1584 ι
1732 1571 1748 1586 .

749 1606 966 1672 Appia·
1075 1526 1261 1683 0¹¹3ss
1289 1536 1771 1694 {ZZRZZ
1806 1624 2247 1705 expugnatione
2277 1633 2531 1695 tentata,
2558 1632 2797 1705 propter
2822 1624 2991 1683 inex-

753 1672 885 1785 ΙΒΞῘῙ.
1078 1718 1459 1801 puguabilem
1495 1720 1671 1779 situm
1708 1719 1849 1790 loci,
1888 1728 2119 1779 mature
2160 1722 2467 1780 revocavit
2505 1740 2659 1781 suos.
2744 1720 2991 1799 Quippe

1083 1815 1522 1895 Dyrrhachium
1559 1816 1614 1875 in
1656 1826 1924 1875 extrema
1962 1815 2340 1875 Macedoniae
2366 1836 2491 1888 ora,
2519 1838 2697 1897 quam
2726 1816 2871 1875 olim
2904 1815 2991 1875 Il-

757 1898 976 2012 vffflgfn·
1082 1910 1269 1992 lyrica
1306 1913 1468 1972 natio
1504 1912 1785 1972 Parthini
1828 1920 2164 1983 tenuerunt,
2194 1920 2405 1992 praeter
2440 1914 2721 1991 exiguum
2754 1912 2994 1982 collem,

817 1997 830 2012 '
922 1997 938 2014 ’
1083 2008 1343 2089 undique
1381 2010 1529 2068 mari
1571 2010 1848 2087 cingitur,
1897 2009 2210 2069 inaccessis
2256 2018 2495 2089 propter
2540 2009 2825 2070 fluctuum
2870 2010 2996 2069 vio-

1084 2090 1326 2166 lentiam
1373 2106 1614 2185 rupibus
1656 2106 1949 2186 imposita.
2035 2103 2228 2182 Igitur
2276 2104 2485 2165 Caesar
2532 2104 2895 2177 admirabili,
2938 2114 3001 2165 et

755 2188 974 2254 APP³⁸¹²⁰
1083 2202 1262 2262 hodie
1297 2204 1400 2263 vix
1439 2212 1741 2283 reperturo
1777 2201 1956 2263 fidem
1991 2201 2263 2272 consilio,
2302 2202 2587 2284 Pompeii
2623 2212 2819 2263 castra
2852 2222 2998 2284 ope-

800 2270 941 2369 '³2⁸³'
1083 2300 1243 2358 ribus
1283 2299 1648 2360 circumdare
1684 2298 1927 2379 occipit,
1970 2298 2061 2357 his
2093 2298 2279 2358 ferme
2316 2300 2644 2359 rationibus
2682 2310 2999 2380 permotus.

756 2383 963 2496 V3¹¹·¹¹·
978 2388 1040 2435 ⁶1
1087 2394 1378 2477 Equitatu
1404 2395 1650 2456 valebat
1674 2394 2025 2475 Pompeius,
2051 2403 2114 2454 et
2140 2397 2571 2455 commeatuum
2596 2397 2809 2475 copia:
2852 2415 3001 2475 qua·

761 2464 932 2563 15:⁰⁸⁰
953 2467 1029 2501 η’
1086 2513 1214 2552 rum
1248 2512 1440 2552 rerum
1478 2492 1670 2552 altera
1701 2511 1921 2551 vexare
1946 2499 2009 2569 et
2034 2488 2189 2550 male
2214 2491 2429 2551 habere
2457 2492 2717 2553 Caesaris
2738 2492 3003 2551 frumen·-

759 2577 887 2628 ΠΟΥ·
903 2577 1031 2630 0⁸²⁸·
1086 2597 1308 2649 tutores
1362 2596 1614 2669 poterat,
1666 2588 1856 2648 altera
1901 2586 2251 2647 facultatem
2300 2590 2357 2648 ei
2403 2589 2701 2648 tribuebat
2744 2588 3001 2648 ducendi

1086 2685 1284 2765 quoad
1333 2685 1518 2745 vellet
1565 2684 1731 2744 belli.
1826 2682 2125 2744 Neutrum
2168 2683 2377 2744 horum
2424 2685 2651 2745 Caesari
2698 2685 2999 2765 placebat,

1085 2783 1182 2842 cui
1207 2781 1356 2841 nihil
1381 2801 1549 2861 aeque
1577 2782 1636 2841 in
1664 2780 1817 2841 votis
1840 2789 1991 2851 erat,
2018 2800 2199 2860 quam
2226 2790 2291 2841 ut
2316 2781 2651 2842 maturrime
2678 2781 2757 2841 ad
2794 2800 3003 2841 manus

1088 2879 1403 2939 veniretur.

1172 2980 1272 3033 32.
1319 2974 1531 3053 Igitur,
1555 2974 1969 3036 animadversa
1990 2974 2107 3035 loci
2128 2984 2365 3045 natura,
2386 2972 2548 3054 quod
2568 2974 2791 3035 circum
2812 2986 3006 3035 castra

1093 3069 1470 3150 Pompeiana
1507 3071 1781 3153 permulti
1817 3082 1987 3131 erant
2020 3071 2165 3131 editi
2200 3082 2265 3131 et
2302 3072 2493 3151 asperi
2518 3062 2725 3145 colles,
2752 3072 3003 3151 primum

1096 3167 1180 3225 ibi
1215 3166 1464 3227 castella
1500 3170 1729 3247 posuit:
1772 3167 1988 3228 deinde
2025 3188 2207 3249 opera
2242 3188 2277 3228 e
2314 3166 2565 3228 castello
2602 3168 2659 3226 in
2696 3166 3005 3229 castellum

1095 3262 1347 3323 instituit
1382 3264 1620 3335 ducere,
1664 3273 1732 3323 ut
1772 3284 1811 3324 a
1842 3266 1991 3324 mari
2036 3264 2113 3324 ad
2155 3284 2315 3324 mare
2358 3273 2645 3344 perpetua
2680 3265 3007 3324 munitione

1095 3370 1292 3420 castra
1318 3361 1598 3441 Pompeii
1625 3362 2096 3421 circumveniret.
2168 3361 2271 3421 Sic
2298 3361 2596 3441 equitatus
2620 3358 2853 3419 hostilis
2877 3360 3007 3421 nul-

1097 3455 1221 3515 lum
1261 3478 1386 3517 esse
1427 3478 1593 3518 usum
1630 3458 1901 3529 videbat,
1938 3478 2191 3538 eumque
2230 3458 2389 3517 ultro
2425 3456 2769 3517 conclusum
2806 3457 2867 3515 in
2906 3478 3006 3517 an-

1099 3565 1270 3632 gusto
1295 3555 1427 3615 loco
1455 3555 1659 3635 pabuli
1686 3556 1889 3636 inopia
1913 3554 2191 3616 afflictum
2220 3555 2325 3613 iri:
2368 3553 2481 3613 sibi
2509 3554 2735 3613 interea
2756 3551 3008 3615 liberam

1099 3650 1494 3711 frumentandi
1539 3652 1827 3712 rationem
1852 3651 2141 3733 relinqui:
2190 3659 2275 3721 et,
2302 3650 2464 3731 quod
2492 3650 2551 3709 in
2580 3648 2739 3709 bello
2764 3650 3007 3710 maximi

1099 3760 1274 3821 esset,
1323 3749 1524 3809 audito
1571 3749 1931 3831 Pompeium
1976 3748 2253 3818 obsideri,
2301 3766 2493 3827 neque
2537 3746 2741 3828 praelio
2792 3748 3007 3807 audere

1100 3846 1479 3915 contendere,
1518 3864 1795 3924 mag-nam
1838 3844 1927 3903 illi
1965 3843 2427 3904 deminutionem
2468 3842 2839 3903 auctoritatis
2876 3862 3005 3903 cum

1101 3964 1208 4003 sua
1257 3962 1486 4002 summa
1535 3942 1967 4001 existimatione
2018 3940 2165 4000 sore.
2269 3938 2619 4019 Pompeius,
2670 3940 2769 3999 cui
2821 3956 3005 4021 neque

1105 4038 1407 4119 pugnandi
1459 4040 1693 4118 copiam
1745 4037 1873 4097 fieri
1929 4036 2313 4118 probabatur,
2366 4056 2557 4115 neque
2617 4033 2921 4096 discedere
2974 4054 3005 4094 a

1109 4134 1506 4215 Dyrrhachio,
1553 4134 1657 4193 ubi
1710 4143 2061 4214 apparatum
2112 4152 2341 4192 omnem
2394 4130 2541 4191 belli
2586 4130 3002 4200 collocaverat,

1108 4233 1262 4291 ratio
1299 4239 1448 4299 erat,
1475 4230 1634 4310 quod
1676 4249 1857 4289 unum
1898 4228 2209 4289 videbatur
2246 4248 2373 4288 esse
2409 4228 2725 4307 reliquum,
2752 4226 3003 4286 laborem

1115 4345 1326 4405 augere
1370 4324 1616 4397 Caesari,
1664 4346 1843 4405 quam
1882 4323 2162 4386 latissime
2204 4324 2463 4385 extensis
2500 4322 2809 4404 praesidiis,
2850 4322 3003 4383 insti-
