3300 5234
801 506 979 575 5250
1787 484 1862 573 r.
1903 522 2099 575 mvn

1128 684 1309 747 quam
1332 674 1602 740 conatus,
1632 666 1851 729 amissa
1878 685 2097 747 magna
2121 672 2290 748 parte
2313 666 2625 735 exercitus,
2649 663 2755 725 vix
2783 661 3014 724 Salonis

832 765 1049 843 ᾼρρῑιιι.
1126 771 1290 825 tutus
1312 773 1487 827 esset.
1566 765 1739 826 Nam
1777 773 1840 825 et
1879 763 2133 824 Salonas
2153 782 2494 845 oppugnare
2519 762 2648 823 ausi
2671 762 2890 831 hostes,
2915 779 3018 841 op—

798 830 1105 949 fiffiffflfff'
1124 860 1477 942 pidanorum
1502 864 1742 933 virtute,
1777 870 1840 921 et
1865 860 2074 939 insigni
2110 860 2190 921 ad
2223 860 2567 919 memoriam
2601 857 2868 918 facinore
2891 876 3016 917 mu-

1118 956 1334 1019 lierum
1356 959 1575 1040 repulsi
1600 968 1754 1019 sunt.
1838 956 2008 1019 Nam
2045 958 2168 1017 illae
2191 966 2426 1019 noctem
2451 966 2642 1016 atram
2666 964 2880 1025 nactae,
2905 954 3016 1013 cri-

1120 1056 1295 1115 nibus
1342 1056 1576 1136 sparsis,
1626 1054 1914 1115 furiarum
1965 1054 2174 1115 habitu
2223 1074 2361 1114 eum
2418 1052 2652 1113 facibus
2699 1050 2781 1111 ad
2825 1058 3017 1111 castra

1120 1162 1555 1234 procurrerunt,
1598 1152 2010 1232 exterritisque
2049 1151 2330 1231 vigilibus
2369 1149 2570 1210 multis
2608 1149 2758 1209 locis
2801 1149 3016 1227 injece-

1120 1258 1261 1310 runt
1284 1250 1519 1328 ignem:
1560 1268 1698 1310 cum
1733 1257 1976 1329 repente
1999 1249 2112 1309 viri
2153 1248 2400 1307 insecuti
2441 1266 2580 1307 cum
2615 1246 2812 1314 armis,
2853 1264 3014 1305 oom-

1118 1345 1319 1426 plures
1340 1365 1461 1427 prae
1488 1346 1954 1405 consternatione
1999 1345 2100 1405 vix
2137 1346 2230 1404 sui
2263 1353 2593 1425 compotes,
2640 1341 2788 1403 alios
2817 1340 3013 1400 adhuc

1118 1460 1323 1501 somno
1346 1440 1668 1521 implicitos
1685 1439 2050 1513 occiderunt,
2077 1442 2400 1521 castrisque
2418 1452 2482 1501 et
2497 1440 2752 1499 statione
2773 1438 3012 1499 navium

1118 1538 1475 1618 expulerunt
1500 1538 1846 1599 Octavium.
1929 1538 2051 1598 Sed
2081 1538 2180 1599 ille
2217 1558 2332 1598 non
2368 1536 2558 1597 multo
2581 1545 2716 1617 post
2737 1526 3015 1617 reparatis

1117 1635 1341 1697 viribus
1366 1634 1571 1716 praelio
1606 1636 1753 1695 vicit
1792 1634 2166 1708 Salonenses,
2204 1637 2530 1715 iterumque
2571 1634 2836 1695 admovit
2855 1633 3016 1693 obsi·-

792 1759 923 1812 Hirt.
1116 1730 1279 1793 dioni
1306 1733 1527 1814 copias.
1611 1731 1779 1793 Inter
1810 1732 1940 1793 haec
1979 1754 2056 1793 ex
2095 1732 2444 1813 aegritudine
2482 1740 2782 1792 contracto
2807 1730 3011 1791 morbo

938 1838 949 1848 '
1120 1827 1209 1889 A.
1242 1826 1540 1889 Gabinius
1566 1830 1812 1911 interiit„

1198 1930 1299 1985 53.
1342 1922 1471 1983 11ae
1490 1946 1581 1985 res
1610 1928 1950 1987 excitarunt
1973 1946 2138 2009 spem
2160 1925 2426 1997 Octavii,
2453 1934 2544 1997 ut,
2571 1926 2692 1986 icto
2711 1944 2852 1986 cum
2873 1926 3010 1985 bar-

1113 2020 1273 2080 baris
1292 2019 1533 2092 scedere,
1556 2024 1920 2103 provinciam
1941 2024 2122 2105 recipi
2143 2042 2312 2103 posse
2333 2020 2678 2083 confideret.
2731 2020 2856 2081 Sed
2875 2040 3006 2081 eum

1112 2116 1227 2177 hac
1258 2118 1674 2197 expectatione
1710 2121 1894 2181 virtus
1928 2109 1992 2180 et
2027 2118 2340 2197 diligentia
2379 2118 2462 2178 P.
2491 2118 2726 2178 Vatinii
2755 2118 2880 2178 cito
2903 2118 3007 2178 de-

1119 2214 1309 2295 pulit3
1353 2216 1457 2294 qui
1502 2216 1722 2276 crebris
1756 2216 2062 2278 Cornificii
2103 2217 2292 2277 literis
2329 2224 2634 2287 evocatus,
2669 2226 3008 2296 quanquam

1110 2330 1220 2391 per
1236 2310 1639 2373 valetudinem
1657 2314 1765 2374 vix
1785 2334 1848 2374 se
1869 2322 2120 2393 regeret,
2147 2332 2285 2373 cum
2305 2313 2511 2393 paucis
2530 2311 2714 2391 longis
2733 2312 3005 2382 navibus,

1110 2415 1175 2467 et
1214 2428 1427 2487 magno
1452 2411 1850 2471 actuariarum
1887 2430 2132 2471 numero
2154 2410 2373 2491 quibus
2413 2418 2601 2471 rostra
2633 2411 3004 2491 imposuerat,

1113 2503 1435 2565 Brundisio
1462 2504 1760 2587 profectus
1779 2516 1886 2567 est.

1192 2606 1291 2662 64.
1336 2601 1547 2683 Hujus
1570 2603 1832 2665 adventu
1874 2604 1967 2665 M.
1999 2604 2310 2677 Octavius,
2347 2606 2450 2685 qui
2477 2606 2707 2666 interim
2735 2604 3004 2685 Epidau-

1106 2716 1237 2757 rum
1270 2707 1402 2759 erat
1434 2720 1760 2780 aggressus,
1804 2704 1882 2763 ab
1921 2705 2360 2784 oppugnatione
2384 2704 2592 2785 oppidi
2615 2704 2894 2782 rejectus,
2929 2699 3006 2759 ad

1104 2790 1429 2855 Tauridem
1469 2797 1724 2857 insulam
1767 2800 2052 2871 substitit,
2103 2801 2218 2861 hoc
2261 2800 2531 2870 consilio,
2579 2807 2666 2871 ut,
2690 2796 3002 2879 ·siquidem

1102 2883 1508 2971 insequeretur
1552 2894 1856 2968 Vatinius,
1903 2897 2094 2958 classe
2135 2896 2462 2958 dimicaret.
2546 2894 2715 2956 Nam
2760 2894 3002 2955 Vatini·

1102 3006 1250 3045 anas
1290 3006 1471 3049 naves
1521 2989 1832 3072 plerasque
1866 2996 2036 3073 justo
2079 2994 2333 3055 minores
2371 2994 2836 3073 infirmioraque
2881 3010 3002 3051 esse

1102 3094 1479 3162 cognoverat.
1576 3087 1698 3149 Sed
1737 3091 1954 3151 virtute
1999 3092 2278 3163 militum,
2320 3092 2481 3173 quod
2501 3090 2506 3093 ’
2525 3092 2719 3153 robori
2765 3090 3004 3151 navium

1102 3178 1329 3251 deerat,
1359 3181 1599 3261 largiter
1622 3185 1925 3267 explente,
1953 3188 2144 3249 victor
2168 3188 2455 3249 Vatinius
2477 3188 2694 3249 multas
2717 3186 3006 3268 depressit

775 3298 898 3352 Dio.
1102 3275 1357 3337 hostium
1380 3298 1583 3353 naves,
1616 3284 1834 3345 multas
1857 3287 2038 3367 cepit.
2122 3285 2256 3348 Alii
2282 3297 2549 3349 auctores
2571 3304 2853 3364 magnam
2877 3283 3002 3362 ejus

1102 3370 1296 3433 laudis
1341 3386 1571 3455 partem
1618 3380 1874 3443 Vatinio
1918 3382 2305 3463 abjudicant:
2370 3403 2444 3443 ne
2487 3392 2722 3443 tentata
2763 3380 3004 3462 quidem

1100 3488 1303 3549 pugna
1328 3471 1696 3536 Octavianos
1735 3478 1815 3539 ad
1855 3478 2026 3540 illum
2063 3478 2367 3551 defecisse,
2403 3479 2564 3559 quod
2605 3477 2846 3540 auditus
2868 3480 3000 3558 jam

1026 3585 1037 3595 ·
1102 3565 1445 3631 Pharsalici
1482 3574 1672 3653 praelii
1708 3584 1954 3637 eventus
1985 3576 2200 3638 fuerat.
2277 3578 2678 3657 Quocumque
2701 3577 2882 3638 modo
2905 3596 2998 3637 su-

770 3686 901 3737 Hirt.
1100 3664 1293 3742 perior
1316 3666 1621 3741 Vatinius,
1657 3682 1972 3752 provectus
1997 3673 2210 3745 Issam,
2252 3675 2313 3735 in
2349 3694 2470 3755 qua
2495 3673 2782 3756 oppidum
2803 3672 3000 3735 nobile

1096 3768 1249 3831 erat,
1286 3766 1830 3845 conjunctissimum
1867 3768 2149 3841 Octavi0,
2191 3772 2270 3831 ab
2318 3769 2655 3831 Issensibus
2697 3772 2996 3854 recipitur.

1097 3855 1197 3917 Ibi
1220 3863 1523 3939 cog-noscit
1558 3864 1653 3923 M.
1683 3864 2030 3939 Octavium,
2067 3888 2204 3927 cum
2227 3888 2338 3927 sua
2361 3868 2750 3949 quadriremis
2773 3890 2996 3948 merge-

1094 3964 1273 4027 retur,
1314 3960 1537 4039 scapha
1572 3972 1915 4044 exceptum,
1958 3973 2137 4045 atque
2177 3964 2284 4025 illa
2319 3964 2525 4026 itidem
2559 3965 2840 4047 depressa
2865 3987 2995 4027 sau-

1088 4050 1271 4122 cium,
1293 4054 1606 4118 adnatasse
1635 4059 1715 4119 ad
1741 4079 2158 4141 myoparonem
2184 4081 2379 4133 suum,
2400 4060 2711 4143 Issamque
2729 4066 2991 4125 venisse:

1094 4147 1235 4209 inde
1272 4170 1407 4213 cum
1432 4155 1637 4235 paucis
1663 4158 1976 4239 parvisque
2019 4160 2268 4238 navigiis
2293 4168 2474 4221 vento
2497 4159 2758 4220 secundo
2784 4162 2994 4241 petiae

1096 4242 1447 4327 Corcyram.
1491 4252 1798 4328 Vatinius,
1818 4276 1880 4316 re
1899 4255 2168 4317 celeriter
2193 4266 2256 4318 et
2280 4256 2566 4339 praeclare
2592 4266 2779 4337 gesta,
2799 4258 2989 4319 Brun-

1092 4340 1303 4406 disium
1324 4348 1513 4410 rediit.
