3300 5234
748 533 925 602 5136
970 489 973 494 ’
1513 535 1521 542 ·
1733 545 1800 598 τ.
1853 545 2040 598 mvn

944 669 965 684 ’
1080 699 1281 772 partes
1302 709 1672 753 accessuram
1699 688 1960 772 Syriam,
1994 699 2306 772 pertoesam
2331 685 2594 752 Romi
2623 688 2880 772 imperii,
2917 699 2980 752 et

1078 786 1573 870 quemadmodum
1599 787 1770 859 locis,
1797 788 1885 848 ita
1903 787 2164 864 moribus
2188 787 2424 848 Partho
2443 789 2800 870 propiorem.
2857 787 2980 848 Sed

1078 883 1363 946 adversus
1383 884 1655 945 homines
1675 882 2089 964 oppugnandis
2111 883 2356 943 urbibus
2389 884 2782 966 ineptinimos
2803 883 2983 946 facile

1078 981 1319 1044 defensa
1344 980 1678 1042 Antiochia
1697 988 1808 1042 est.

786 1107 894 1158 c·c
914 1106 979 1156 nd
1159 1086 1261 1140 38.
1304 1077 1392 1138 Et
1414 1078 1643 1138 animos
1667 1076 1904 1150 Cassio,
1927 1077 2198 1138 timorem
2233 1075 2485 1138 Parthis
2511 1075 2606 1138 M.
2633 1075 2852 1139 Cicero
2875 1076 2982 1138 ad-

755 1169 926 1222 Atta
930 1173 1055 1222 ··¹⁸
1077 1173 1331 1246 diderat,
1358 1175 1463 1256 qui
1504 1174 1564 1235 in
1603 1172 1868 1244 Amano,
1895 1194 2018 1254 quo
2041 1182 2240 1234 monte
2269 1172 2496 1234 Cilices
2519 1191 2560 1232 a
2585 1171 2756 1254 Syris
2777 1173 2984 1234 discri-

750 1241 833 1352 ξ’
840 1187 1056 1353 {Ean
1078 1273 1397 1342 minantur,
1424 1289 1487 1330 re
1528 1270 1682 1330 bene
1721 1277 1888 1348 gesta
1911 1271 2230 1350 imperator
2251 1269 2610 1351 appellatus,
2636 1271 2986 1330 transiturus

754 1373 837 1418 1⁰·
858 1375 911 1416 et
931 1381 1023 1414 xv.
1078 1371 1139 1430 iu
1183 1368 1421 1450 Syriam
1452 1365 1844 1429 credebatur:
1886 1367 2204 1448 presertim
2239 1366 2398 1446 quod
2441 1386 2690 1446 magnus
2719 1369 2982 1447 equitum

752 1437 888 1548 {²⁰1qu
902 1434 1028 1547 {3522
1078 1466 1446 1529 Parthorum
1482 1485 1778 1536 numerus,
1803 1483 1942 1524 cum
1965 1465 2028 1524 iu
2055 1464 2332 1525 Ciliciam
2360 1465 2684 1545 irrupisset,
2707 1464 2789 1524 ab
2815 1465 2984 1544 equi·

755 1562 947 1613 Citm·
1078 1563 1239 1625 tibus
1284 1563 1616 1634 Ciceronis,
1663 1570 1728 1622 et
1769 1562 2010 1622 cohorte
2055 1563 2348 1644 praetoria,
2394 1581 2576 1643 quam
2619 1561 2987 1643 Epiphaneae

752 1683 889 1736 Plut.
1079 1660 1336 1743 praesidii
1368 1678 1551 1720 causa
1583 1659 2001 1731 collocaverat,
2027 1667 2156 1720 erat
2187 1659 2476 1720 concisus.
2560 1659 2844 1720 Ducebat
2875 1677 2986 1718 au·

1078 1767 1199 1819 tem
1236 1757 1451 1818 Cicero
1484 1757 1812 1817 exercitum
1849 1776 1964 1817 nou
2005 1756 2429 1838 poenitendum‚
2457 1755 2722 1838 peditum
2761 1755 2987 1816 duode-

754 1899 861 1950 cic
868 1889 875 1900 ·
1078 1855 1201 1916 cim
1226 1853 1437 1926 millia,
1462 1852 1585 1913 duo
1606 1852 1798 1913 millia
1821 1861 2132 1914 sexcentos
2157 1853 2404 1934 equites.
2483 1853 2794 1914 Praeterea
2815 1851 2989 1912 firma

756 1965 817 2014 ΡΙ
820 1972 891 2015 ut.
1078 1951 1343 2013 habebat
1374 1959 1440 2011 et
1460 1958 1694 2031 promta
1717 1949 2006 2010 sociorum
2031 1948 2285 2022 auxilia,
2314 1967 2463 2030 quos
2485 1949 2734 2010 lenitate
2757 1949 2990 2030 imperii

1080 2048 1408 2119 amiciores,
1424 2067 1605 2127 quam
1619 2045 1886 2118 fuissent,
1903 2044 2126 2128 populo
2142 2045 2426 2107 Romano
2440 2045 2741 2107 effecerat.
2783 2045 2988 2106 Etiam

754 2161 864 2212 Cic.
1081 2143 1551 2206 Ariobarzanem
1580 2142 1985 2225 Cappadocia
2009 2162 2208 2223 regem
2236 2144 2621 2224 praesentibus
2659 2139 2884 2203 insidiis
2913 2141 2988 2202 li-

1080 2243 1427 2304 beraverat:
1472 2237 1826 2318 Deiotarum
1853 2248 2048 2300 autem
2075 2241 2164 2301 ita
2185 2241 2452 2300 habebat
2475 2241 2754 2313 amicum,
2781 2247 2868 2310 ut,
2897 2259 2991 2298 re-

1082 2338 1227 2399 licto
1262 2357 1465 2418 regno,
1490 2355 1629 2398 cum
1665 2337 1938 2397 omuibus
1974 2337 2164 2418 copiis
2201 2335 2280 2396 ad
2323 2357 2456 2396 eum
2499 2335 2988 2417 proficisceretur.

792 2467 919 2516 Hirt.
940 2467 1005 2515 de
1083 2435 1381 2498 Habebat
1410 2443 1611 2496 autam
1648 2433 1700 2494 is
1723 2433 1986 2516 peditum
2010 2434 2204 2496 millia
2225 2433 2560 2506 duodecim,
2586 2431 2867 2495 Romano
2891 2453 2988 2494 ar-

756 2531 985 2584 B.Alox.
1082 2540 1269 2604 matu,
1304 2531 1565 2613 equitum
1606 2529 1800 2592 millia
1833 2530 1973 2592 duo.

754 2665 877 2716 Dio.
1162 2635 1263 2692 89.
1306 2629 1551 2708 Rejecti
1602 2629 1684 2691 ab
1729 2626 2061 2689 Antiochia
2111 2626 2350 2700 Parthi,
2398 2628 2790 2706 Antigoniam
2837 2629 2992 2709 peti-

1081 2736 1275 2799 erunt,
1312 2746 1493 2808 quam
1525 2727 1690 2812 haud
1726 2726 1932 2808 procul
1965 2725 2104 2786 inde
2143 2724 2420 2807 Philippi
2453 2722 2611 2785 filius
2649 2724 2996 2805 Antigonus

756 2843 991 2907 stephan.
1079 2822 1445 2885 condiderat.
1528 2821 1892 2884 Suburbium
1937 2831 2068 2882 erat
2107 2821 2190 2882 ibi
2229 2821 2638 2902 frequentibus
2681 2822 2992 2882 arboribus

776 2908 1057 3023 ὃῑῖἇῗῑῗῑ·
1081 2922 1389 2982 consitum.
1474 2919 1555 2980 Id
1597 2919 1816 2984 Parthi
1849 2928 2008 2980 metu
2049 2917 2390 2980 insidiarum
2425 2919 2650 2998 ingredi
2685 2939 2800 2980 non
2837 2919 2990 2986 ausi.

756 2989 877 3088 Bia.
934 3005 949 3022 ⁶
1081 3016 1455 3078 succidendis
1496 3016 1806 3077 arboribus
1849 3017 2075 3097 aperire
2121 3014 2318 3076 locum
2367 3016 2761 3078 instituerunt.
2863 3013 2992 3076 Sed

1082 3114 1187 3175 ubi
1225 3114 1494 3174 homines
1525 3113 1668 3174 huic
1701 3113 1893 3173 labori
1929 3128 2044 3172 non
2077 3121 2340 3172 assuetos
2363 3113 2548 3172 etiam
2571 3111 2818 3172 Canius
2841 3113 2992 3172 assi-

1082 3209 1199 3271 due
1222 3211 1528 3292 carpebat,
1554 3208 1762 3272 relicta
1785 3218 1850 3273 et
1871 3210 1986 3270 hac
2009 3208 2318 3271 obsidione
2341 3207 2748 3270 discesserunt.

793 3325 1013 3376 Frontin.
1162 3313 1266 3368 40.
1308 3305 1571 3381 Canius,
1606 3307 1816 3367 itinere
1857 3306 2112 3366 hostium
2151 3313 2378 3367 mature
2417 3307 2678 3386 cognito,
2713 3325 2852 3367 cum
2887 3327 2994 3388 per

758 3393 1039 3508 &2¹⁸⁶
944 3453 1060 3505 mo·
1042 3404 1432 3484 ·confragosa
1458 3404 1592 3465 loca
1613 3403 2034 3465 mnne-andum
2059 3402 2312 3464 Parthis
2331 3411 2508 3476 esset,
2533 3405 2694 3465 omni
2723 3404 2994 3485 peditatu

1084 3503 1145 3562 in
1186 3500 1413 3562 insidiis
1452 3501 1672 3572 locato,
1705 3521 1845 3562 cum
1887 3500 2208 3582 equitibus,
2244 3519 2494 3580 quorum
2531 3500 2794 3562 habebat
2829 3502 2990 3563 haud

1084 3617 1329 3679 magnas
1358 3599 1585 3681 copias,
1610 3619 1674 3659 se
1709 3597 1987 3660 ostendit.
2065 3595 2376 3658 Celeriter
2385 3605 2686 3658 contemtu
2721 3601 2990 3680 paucita-

1084 3696 1162 3758 tis
1200 3695 1279 3756 ad
1320 3716 1601 3778 pugnam,
1627 3696 1842 3758 deinde
1874 3695 1953 3756 ad
1989 3692 2412 3775 insequendum
2437 3693 2820 3774 refugientem
2847 3698 2994 3758 moti

1084 3792 1303 3866 hostes,
1327 3795 1665 3876 priusquam
1699 3791 2161 3854 animadvertere
2196 3811 2318 3872 quo
2352 3791 2838 3874 progrederentur
2859 3813 2996 3874 spes

1085 3899 1150 3950 et
1185 3890 1481 3972 cupiditas
1512 3891 1752 3962 sineret,
1795 3889 1940 3950 loeis
1975 3887 2194 3971 iniquis
2227 3909 2267 3948 a
2301 3887 2570 3970 peditatu
2605 3891 2994 3956 circumventi

1085 3997 1242 4050 sunt.
1344 3987 1467 4049 Illa
1508 3987 1737 4060 clades,
1775 3989 1942 4064 (nam
1982 3995 2046 4048 et
2085 3977 2302 4065 magna
2341 4005 2476 4067 pars
2509 3987 2807 4048 exercitus
2837 3989 2992 4050 ceci-

796 4105 885 4156 οἱα
888 4103 989 4153 ‚ad
1086 4086 1281 4158 derat,
1306 4095 1369 4146 et
1402 4087 1525 4167 ipse
1558 4085 1686 4146 dux
1714 4085 1942 4146 Osaces
1963 4085 2169 4166 paucis
2193 4092 2329 4165 post
2351 4083 2562 4144 diebus
2583 4085 2890 4146 interierat
2913 4105 2992 4146 ex

764 4171 948 4284 ff‘v·
934 4171 1065 4219 ΗΝ
1088 4183 1331 4246 vulnere
1335 4185 1383 4261 ,)
1408 4182 1644 4264 expulit
1669 4182 1972 4242 Pacorum
2000 4179 2212 4262 Syria:
2257 4178 2486 4260 diuque
2507 4187 2642 4262 post
2663 4200 2706 4242 a
2728 4179 2994 4243 Partho-

1090 4299 1217 4342 rum
1242 4281 1421 4340 armis
1444 4281 1706 4360 quietam
1733 4278 2092 4360 provinciam
2115 4277 2406 4359 praestitit.

766 4371 1066 4491 σθω-(1613·
1173 4384 1273 4439 41.
1316 4376 1564 4440 Interim
1592 4375 1686 4438 Μ.
1711 4374 1988 4448 Bibulus,
2007 4394 2184 4456 quem
2209 4371 2616 4454 aliquamdiu
2599 4393 2662 4435 ιιι
2687 4339 2996 4438 obsidione
