3300 5234
748 583 923 652 5062

782 843 890 893 Cic.
904 845 966 893 de

750 907 875 958 Div.
890 925 953 960 ιι.
968 913 1051 962 4⁰.

750 1130 1055 1184 Pumxvao.

750 1420 871 1474 Dio.

769 1518 878 1570 cic.
889 1518 937 1568 in
949 1517 1067 1569 Pia:

749 1592 802 1631 et
819 1587 881 1633 de
904 1585 1050 1634 Prov-

748 1649 900 1701 Cous.

749 1823 865 1875 Dio.

674 2515 682 2525 “
780 2510 988 2576 Joseph.

749 2575 999 2630 Antam

747 2646 899 2755 {thee
936 2706 1001 2756 n.

748 2771 871 2824 Jud.
894 2786 933 2823 ι.
953 2775 1005 2821 6.

778 2992 912 3042 Plnt.
927 2993 1050 3047 Ant.

746 3074 951 3189 loseph.

750 4093 867 4144 Dio.
894 4091 1028 4147 Plut-

744 4159 777 4208 J
782 4163 949 4246 oneph.

1727 602 1799 652 '1'-
1843 601 2038 650 mvn

1078 765 1258 806 num:
1303 749 1465 825 ‘jam
1504 765 1677 806 omen
1715 755 1896 826 atque
1929 747 2162 807 initium
2197 743 2404 806 adesse
2441 743 2820 817 calamitatis,
2847 765 2986 827 qum

1074 843 1361 904 devotum
1385 851 1568 924 caput
1582 851 1749 904 certa
1773 853 1952 924 atque
1981 842 2341 905 inevitabilis
2367 843 2670 904 maneret!
2727 842 2896 904 Nam
2923 851 2988 902 et

1076 939 1323 1002 fortuita
1346 942 1407 1000 in
1434 941 1788 1021 proesagium
1829 941 2248 1011 &ahebantun
2293 938 2476 1020 quod,
2515 941 2850 1022 imponente
2875 959 2986 1000 ex-

1076 1039 1323 1100 ercitum
1352 1037 1593 1110 Crasso,
1621 1037 1870 1118 quidam
1909 1039 1966 1099 in
1993 1047 2168 1120 portu
2195 1039 2426 1100 caricas
2464 1037 2678 1100 Cauno
2704 1037 2989 1099 advectas

1076 1135 1339 1197 vendens
1362 1137 1383 1175 ⁵
1424 1135 1708 1197 Cauneas
1741 1135 2252 1217 proclamaverat:
2294 1137 2466 1217 quasi
2507 1135 2745 1198 disertis
2789 1135 2988 1196 verbis

1075 1241 1347 1295 monente
1375 1232 1658 1294 Crassum
1683 1232 1918 1293 solicito
1943 1233 2202 1305 numine,
2229 1241 2248 1268 ‘
2267 1242 2507 1294 caveret
2531 1234 2660 1294 ire.’

1156 1337 1257 1392 36.
1302 1328 1565 1391 Causam
1613 1328 1936 1391 festinandi
1987 1328 2148 1390 haud
2203 1340 2559 1411 postremam
2595 1327 2682 1390 A.
2731 1327 2988 1390 Gabinii

1075 1427 1411 1509 praebuerat
1434 1427 1774 1499 insolentia,
1801 1427 1906 1507 qui
1933 1427 2131 1507 legato
2153 1425 2354 1488 Crassi
2375 1427 2608 1489 tradere
2631 1427 2985 1500 exercitum,

1077 1525 1455 1606 quantumvis
1488 1523 1658 1585 finito
1701 1525 1930 1605 imperii
1973 1533 2262 1606 tempore,
2303 1533 2620 1606 spreverat.
2702 1522 2778 1583 In
2816 1523 2986 1584 bien-

1075 1623 1239 1682 nium
1264 1621 1369 1682 ille
1396 1619 1631 1702 Syriam
1647 1622 1718 1681 «in
1745 1621 2082 1693 consulatu,
2121 1621 2192 1682 L.
2223 1621 2376 1682 Piso
2413 1620 2650 1700 collega
2691 1619 2986 1682 Macedo·

1074 1721 1235 1780 niam
1267 1716 1398 1797 lege
1424 1717 1648 1780 Clodia
1689 1728 2079 1801 acceperant:
2123 1729 2366 1800 eratque
2391 1719 2450 1778 in
2475 1717 2817 1784 ordinandis
2847 1737 2984 1798 pro-

1073 1817 1297 1892 vinciis„
1319 1814 1644 1889 decretum,
1683 1825 1752 1876 ut
1783 1837 2146 1878 successores
2168 1819 2401 1898 utrique
2425 1817 2810 1877 mitterentur.
2898 1815 2988 1877 Et

1076 1912 1227 1974 Piso
1252 1912 1495 1994 quidem
1511 1915 1643 1993 jam
1670 1912 2024 1984 decesserat,
2051 1912 2419 1996 redieratque
2445 1915 2506 1974 in
2533 1913 2766 1973 Urbem
2790 1931 2806 1972 ε
2851 1911 2984 1972 Ga·

1074 2011 1271 2071 binius
1314 2010 1471 2071 ultra
1504 2020 1742 2092 tempus
1773 2011 2066 2072 retinebat
2105 2011 2416 2092 imperium
2447 2009 2658 2071 eadem
2699 2009 2986 2092 improbi·

1075 2115 1222 2180 tate,
1250 2127 1374 2189 qua
1398 2106 1555 2168 ultra
1579 2105 1936 2190 proefinitum
1963 2107 2195 2187 legibus
2218 2107 2462 2169 modum
2489 2116 2858 2169 exercuerat.

1156 2209 1259 2269 37.
1304 2203 1457 2265 Erat
1480 2213 1605 2264 tum
1634 2202 1960 2265 latrociniis
1993 2203 2210 2266 infesta
2239 2203 2450 2286 Syria:
2493 2203 2600 2265 sed
2624 2204 2758 2286 plus
2783 2225 2821 2264 a
2846 2223 2987 2286 pro-

1072 2301 1315 2362 consule
1339 2302 1676 2382 patiebatur
1710 2302 2079 2381 injuriarum,
2115 2303 2222 2382 qui
2263 2323 2380 2362 non
2419 2301 2599 2364 aliam
2636 2301 2716 2362 ob
2741 2321 2985 2362 causam
3021 2377 3032 2386 ν

1075 2398 1337 2459 infestius
1361 2399 1678 2460 videbatur
1715 2397 2021 2480 praedones
2057 2399 2350 2480 persequi,
2395 2419 2576 2479 quam
2601 2420 2676 2458 ne
2699 2419 2822 2478 qua
2847 2418 2988 2479 pars

1072 2495 1393 2577 spoliorum
1442 2497 1522 2558 ab
1568 2497 1707 2558 aliis
1747 2497 2210 2579 interciperetur.
2297 2497 2559 2578 Elapsus
2603 2517 2638 2556 e
2687 2493 2984 2566 custodia,

1077 2593 1397 2675 Romaque
1442 2595 1728 2676 profugus
1771 2594 2180 2666 Aristobulus‚
2232 2595 2334 2676 qui
2375 2593 2536 2676 apud
2561 2593 2604 2657 J
2605 2592 2808 2654 udaeos
2851 2613 2984 2674 reg·-

1074 2699 1340 2762 naverat,
1382 2711 1523 2752 cum
1556 2691 1870 2770 Antigono
1907 2691 2036 2752 filio
2069 2691 2329 2752 redierat
2367 2693 2426 2752 in
2467 2691 2885 2761 Paloestinam,
2921 2699 2988 2751 et

1074 2787 1507 2848 confluentibus
1542 2786 1620 2848 ad
1655 2809 1792 2849 eum
1829 2789 2046 2869 quibus
2072 2789 2380 2870 praesentia
2407 2809 2614 2871 parum
2639 2787 2983 2870 placebant,

1074 2884 1521 2946 Alexandr-ium
1546 2906 1736 2968 nuper
1759 2906 1798 2946 a
1828 2885 2122 2947 Romanis
2145 2885 2406 2947 dirutum
2439 2887 2763 2946 instaurare
2787 2903 2985 2965 coepe-

1075 2989 1187 3043 rat.
1272 2981 1594 3055 Gabinius,
1655 2983 1750 3044 his
1805 2983 2043 3055 auditis,
2092 2991 2319 3065 partem
2363 2985 2666 3066 equitatus
2710 2981 2986 3044 Antonio

1075 3078 1360 3160 praefecto
1382 3081 1564 3150 misit,
1592 3079 1846 3141 Sisenna
1881 3089 1944 3142 et
1970 3081 2227 3142 Servilio
2249 3103 2388 3144 cum
2421 3081 2758 3143 cohortibus
2779 3081 2985 3142 subse-

1074 3177 1176 3257 qui
1195 3178 1399 3258 jussis.
1483 3178 1726 3239 Horum
1753 3187 1909 3240 metu
1939 3178 2325 3241 Aristobulus
2351 3165 2824 3241 Machaemntem
2849 3198 2986 3239 ver-

1074 3295 1173 3334 sus
1218 3275 1471 3337 instituit
1513 3275 1766 3348 cedere3
1808 3287 1946 3338 octo
1981 3277 2231 3338 millium
2273 3299 2485 3359 agmen
2521 3279 2782 3348 trahens,
2821 3276 2986 3357 quod

1076 3370 1255 3433 aliam
1294 3374 1605 3434 inermium
1640 3373 1927 3448 turbam,⁶
1967 3375 2101 3456 plus
2125 3377 2186 3435 in
2217 3395 2290 3436 ea
2329 3375 2757 3458 impedimenti,
2801 3391 2984 3454 quam

1074 3468 1307 3541 auxilii,
1334 3470 1458 3530 fore
1486 3479 1669 3544 ratus„
1691 3470 2010 3533 dimiserat.
2096 3471 2219 3533 Sed
2243 3471 2509 3534 Romani
2534 3473 2874 3553 prinsquam
2902 3467 2983 3529 ad

1073 3567 1391 3628 castellum
1419 3569 1720 3649 pervenire
1747 3579 1943 3650 posset
1969 3571 2242 3641 assecuti,
2264 3590 2471 3630 manus
2489 3588 2792 3631 conserere
2807 3586 2986 3628 coac·-

1074 3673 1199 3724 tum
1238 3674 1543 3726 verterunt
1582 3667 1643 3725 in
1677 3665 1898 3745 fugam.
1985 3666 2140 3726 Cum
2177 3666 2256 3728 ad
2295 3666 2490 3728 millia
2529 3667 2792 3748 quinque
2826 3663 2984 3724 ceci-

1070 3760 1317 3834 dissent,
1360 3763 1746 3824 Aristobulus
1783 3784 1920 3825 cum
1947 3763 2112 3824 mille
2137 3763 2458 3826 admodum
2483 3765 2625 3826 viris
2649 3782 2754 3844 per
2778 3752 2985 3840 objec-

1072 3869 1197 3920 tam
1220 3861 1477 3922 hostium
1504 3862 1694 3922 aciem
1735 3863 2039 3943 eruptione
2075 3861 2260 3934 facta,
2289 3862 2800 3928 Machaemntem3
2845 3854 2984 3917 reli-

1074 3957 1179 4036 qui
1232 3959 1291 4018 in
1336 3959 1557 4018 collem
1602 3959 1900 4039 quendam
1939 3959 2341 4040 perfugerant.
2426 3957 2758 4019 Castellum
2801 3952 2986 4014 biduo

1072 4065 1515 4136 expugnatum:
1559 4055 1944 4116 Aristobulus
1967 4077 2103 4116 cum
2121 4057 2250 4118 filio
2267 4065 2498 4138 captus,
2524 4055 2604 4116 ad
2631 4053 2984 4124 Gabinium,

1072 4160 1139 4212 et
1163 4152 1243 4213 ab
1269 4152 1383 4214 hoc
1410 4151 1676 4213 Romam
1703 4154 1976 4214 remissus
1997 4149 2107 4215 est.
2192 4153 2450 4215 Senatus
2475 4150 2891 4213 Aristobulum
2919 4149 2984 4208 in

1139 4341 1170 4385 5
1206 4337 1383 4386 Verba
1420 4309 1736 4389 intermedia
1777 4341 1942 4390 Cam
1970 4341 2211 4405 adrectae,
2245 4353 2363 4390 cnm
2403 4345 2564 4390 antea
2595 4333 2986 4398 desiderentur,

1076 4415 1144 4451 ex
1168 4401 1278 4452 Cic.
1299 4401 1421 4452 add.
1447 4403 1604 4455 Crev.

1141 4470 1175 4515 6
1208 4467 1295 4518 lta
1310 4482 1405 4534 pro
1428 4473 1635 4520 turm
1659 4481 1726 4520 ex
1745 4449 1980 4536 ,loseph-¹
1991 4469 2221 4536 reposuit
2243 4469 2396 4521 Crev-
