<?xml version="1.0" encoding="UTF-8"?>
<!DOCTYPE html PUBLIC "-//W3C//DTD XHTML 1.0 Transitional//EN"
    "http://www.w3.org/TR/xhtml1/DTD/xhtml1-transitional.dtd">
<html xmlns="http://www.w3.org/1999/xhtml" xml:lang="en" lang="en">
 <head>
  <title>
</title>
<meta http-equiv="Content-Type" content="text/html;charset=utf-8" />
  <meta name='ocr-system' content='tesseract 3.04.00' />
  <meta name='ocr-capabilities' content='ocr_page ocr_carea ocr_par ocr_line ocrx_word'/>
</head>
<body>
  <div class='ocr_page' id='page_1' title='image "./tliviipatavinih35unkngoog/tliviipatavinih35unkngoog_0312.png"; bbox 0 0 3300 5234; ppageno 0'>
   <div class='ocr_carea' id='block_1_1' title="bbox 728 597 909 666">
    <p class='ocr_par' dir='ltr' id='par_1_1' title="bbox 728 597 909 666">
     <span class='ocr_line' id='line_1_1' title="bbox 728 597 909 666; baseline 0 0"><span class='ocrx_word' id='word_1_1' title='bbox 728 597 909 666; x_wconf 74' lang='lat'><strong>5254</strong></span> 
     </span>
    </p>
   </div>
   <div class='ocr_carea' id='block_1_2' title="bbox 1687 613 1996 666">
    <p class='ocr_par' dir='ltr' id='par_1_2' title="bbox 1687 613 1996 666">
     <span class='ocr_line' id='line_1_2' title="bbox 1687 613 1996 666; baseline 0.003 -3"><span class='ocrx_word' id='word_1_2' title='bbox 1687 614 1756 663; x_wconf 77' lang='lat' dir='ltr'><strong>‘l&#39;-</strong></span> <span class='ocrx_word' id='word_1_3' title='bbox 1803 613 1996 666; x_wconf 67' lang='lat' dir='ltr'><strong>lell</strong></span> 
     </span>
    </p>
   </div>
   <div class='ocr_carea' id='block_1_3' title="bbox 1048 751 3020 4530">
    <p class='ocr_par' dir='ltr' id='par_1_3' title="bbox 1058 751 3011 1228">
     <span class='ocr_line' id='line_1_3' title="bbox 1060 751 2952 840; baseline -0.001 -22"><span class='ocrx_word' id='word_1_4' title='bbox 1060 751 1305 819; x_wconf 57' lang='lat' dir='ltr'><strong>bantur:</strong></span> <span class='ocrx_word' id='word_1_5' title='bbox 1382 757 1603 818; x_wconf 87' lang='lat' dir='ltr'><strong>Eorum</strong></span> <span class='ocrx_word' id='word_1_6' title='bbox 1642 779 1924 840; x_wconf 81' lang='lat' dir='ltr'>specuum</span> <span class='ocrx_word' id='word_1_7' title='bbox 1963 759 2092 820; x_wconf 78' lang='lat' dir='ltr'><strong>baec</strong></span> <span class='ocrx_word' id='word_1_8' title='bbox 2117 765 2246 818; x_wconf 86' lang='lat' dir='ltr'><strong>erat</strong></span> <span class='ocrx_word' id='word_1_9' title='bbox 2269 758 2440 818; x_wconf 85' lang='lat' dir='ltr'><strong>ratio.</strong></span> <span class='ocrx_word' id='word_1_10' title='bbox 2525 755 2714 820; x_wconf 83' lang='lat' dir='ltr'><strong>Nilus</strong></span> <span class='ocrx_word' id='word_1_11' title='bbox 2743 775 2952 840; x_wconf 86' lang='lat' dir='ltr'><strong>aquam</strong></span> 
     </span>
     <span class='ocr_line' id='line_1_4' title="bbox 1058 854 3011 936; baseline 0 -22"><span class='ocrx_word' id='word_1_12' title='bbox 1058 854 1359 916; x_wconf 74' lang='lat' dir='ltr'><strong>turbidam</strong></span> <span class='ocrx_word' id='word_1_13' title='bbox 1400 864 1580 936; x_wconf 87' lang='lat' dir='ltr'><strong>atque</strong></span> <span class='ocrx_word' id='word_1_14' title='bbox 1622 857 1892 917; x_wconf 86' lang='lat' dir='ltr'><strong>limosam</strong></span> <span class='ocrx_word' id='word_1_15' title='bbox 1933 857 2174 928; x_wconf 82' lang='lat' dir='ltr'><strong>vehens,</strong></span> <span class='ocrx_word' id='word_1_16' title='bbox 2215 875 2350 936; x_wconf 79' lang='lat' dir='ltr'><strong>quae</strong></span> <span class='ocrx_word' id='word_1_17' title='bbox 2389 855 2604 915; x_wconf 88' lang='lat' dir='ltr'><strong>multos</strong></span> <span class='ocrx_word' id='word_1_18' title='bbox 2645 855 2954 934; x_wconf 83' lang='lat' dir='ltr'><strong>variosque</strong></span> <span class='ocrx_word' id='word_1_19' title='bbox 3002 867 3011 872; x_wconf 86' lang='lat'>&#39;</span> 
     </span>
     <span class='ocr_line' id='line_1_5' title="bbox 1060 950 2954 1034; baseline 0 -24"><span class='ocrx_word' id='word_1_20' title='bbox 1060 951 1295 1012; x_wconf 81' lang='lat' dir='ltr'><strong>morbos</strong></span> <span class='ocrx_word' id='word_1_21' title='bbox 1336 951 1654 1023; x_wconf 83' lang='lat' dir='ltr'><strong>efficiebat,</strong></span> <span class='ocrx_word' id='word_1_22' title='bbox 1698 955 2026 1034; x_wconf 86' lang='lat' dir='ltr'><strong>antiquitus</strong></span> <span class='ocrx_word' id='word_1_23' title='bbox 2070 952 2452 1013; x_wconf 76' lang='lat' dir='ltr'><strong>admonuerat</strong></span> <span class='ocrx_word' id='word_1_24' title='bbox 2489 950 2954 1020; x_wconf 84' lang='lat' dir='ltr'><strong>Alexandrinos,</strong></span> 
     </span>
     <span class='ocr_line' id='line_1_6' title="bbox 1058 1048 2954 1130; baseline 0 -24"><span class='ocrx_word' id='word_1_25' title='bbox 1058 1056 1147 1119; x_wconf 87' lang='lat' dir='ltr'><strong>ut,</strong></span> <span class='ocrx_word' id='word_1_26' title='bbox 1172 1049 1431 1110; x_wconf 81' lang='lat' dir='ltr'><strong>suffossis</strong></span> <span class='ocrx_word' id='word_1_27' title='bbox 1467 1048 1765 1121; x_wconf 80' lang='lat' dir='ltr'><strong>domibus,</strong></span> <span class='ocrx_word' id='word_1_28' title='bbox 1793 1069 2012 1130; x_wconf 87' lang='lat' dir='ltr'><strong>aquam</strong></span> <span class='ocrx_word' id='word_1_29' title='bbox 2051 1069 2086 1109; x_wconf 89' lang='lat' dir='ltr'><strong>e</strong></span> <span class='ocrx_word' id='word_1_30' title='bbox 2129 1048 2366 1110; x_wconf 86' lang='lat' dir='ltr'><strong>flumine</strong></span> <span class='ocrx_word' id='word_1_31' title='bbox 2403 1057 2720 1130; x_wconf 83' lang='lat' dir='ltr'><strong>exceptam</strong></span> <span class='ocrx_word' id='word_1_32' title='bbox 2763 1067 2954 1108; x_wconf 82' lang='lat' dir='ltr'><strong>serva-</strong></span> 
     </span>
     <span class='ocr_line' id='line_1_7' title="bbox 1058 1143 2920 1228; baseline -0.002 -22"><span class='ocrx_word' id='word_1_33' title='bbox 1058 1155 1211 1218; x_wconf 84' lang='lat' dir='ltr'><strong>rent,</strong></span> <span class='ocrx_word' id='word_1_34' title='bbox 1236 1147 1429 1208; x_wconf 89' lang='lat' dir='ltr'><strong>donec</strong></span> <span class='ocrx_word' id='word_1_35' title='bbox 1454 1148 1649 1227; x_wconf 89' lang='lat' dir='ltr'><strong>spatio</strong></span> <span class='ocrx_word' id='word_1_36' title='bbox 1673 1149 1952 1228; x_wconf 87' lang='lat' dir='ltr'><strong>temporis</strong></span> <span class='ocrx_word' id='word_1_37' title='bbox 1975 1146 2302 1227; x_wconf 77' lang='lat' dir='ltr'><strong>liquescens</strong></span> <span class='ocrx_word' id='word_1_38' title='bbox 2325 1147 2489 1227; x_wconf 88' lang='lat' dir='ltr'><strong>potui</strong></span> <span class='ocrx_word' id='word_1_39' title='bbox 2515 1147 2713 1227; x_wconf 84' lang='lat' dir='ltr'><strong>aptior</strong></span> <span class='ocrx_word' id='word_1_40' title='bbox 2735 1143 2920 1204; x_wconf 84' lang='lat' dir='ltr'><strong>fieret.</strong></span> 
     </span>
    </p>

    <p class='ocr_par' dir='ltr' id='par_1_4' title="bbox 1050 1240 2967 2584">
     <span class='ocr_line' id='line_1_8' title="bbox 1140 1240 2962 1325; baseline -0.002 -21"><span class='ocrx_word' id='word_1_41' title='bbox 1140 1248 1241 1304; x_wconf 82' lang='grc'><strong>63.</strong></span> <span class='ocrx_word' id='word_1_42' title='bbox 1286 1241 1479 1322; x_wconf 77' lang='lat' dir='ltr'><strong>Igitur</strong></span> <span class='ocrx_word' id='word_1_43' title='bbox 1516 1243 1924 1325; x_wconf 79' lang='lat' dir='ltr'><strong>Ganymedes,</strong></span> <span class='ocrx_word' id='word_1_44' title='bbox 1966 1263 2005 1304; x_wconf 96' lang='lat' dir='ltr'><strong>a</strong></span> <span class='ocrx_word' id='word_1_45' title='bbox 2039 1243 2352 1304; x_wconf 72' lang='lat' dir='ltr'><strong>solertibus</strong></span> <span class='ocrx_word' id='word_1_46' title='bbox 2375 1243 2732 1314; x_wconf 88' lang='lat' dir='ltr'><strong>hominibus,</strong></span> <span class='ocrx_word' id='word_1_47' title='bbox 2757 1240 2962 1321; x_wconf 84' lang='lat' dir='ltr'><strong>quales</strong></span> 
     </span>
     <span class='ocr_line' id='line_1_9' title="bbox 1058 1340 2961 1423; baseline -0.001 -23"><span class='ocrx_word' id='word_1_48' title='bbox 1058 1351 1229 1402; x_wconf 88' lang='lat' dir='ltr'><strong>erant</strong></span> <span class='ocrx_word' id='word_1_49' title='bbox 1246 1342 1525 1423; x_wconf 82' lang='lat' dir='ltr'><strong>permulti</strong></span> <span class='ocrx_word' id='word_1_50' title='bbox 1546 1342 1962 1412; x_wconf 72' lang='lat' dir='ltr'><strong>Alexandriae,</strong></span> <span class='ocrx_word' id='word_1_51' title='bbox 1987 1341 2316 1402; x_wconf 88' lang='lat' dir='ltr'><strong>admonitus</strong></span> <span class='ocrx_word' id='word_1_52' title='bbox 2337 1341 2632 1422; x_wconf 87' lang='lat' dir='ltr'><strong>corrumpi</strong></span> <span class='ocrx_word' id='word_1_53' title='bbox 2657 1359 2876 1420; x_wconf 86' lang='lat' dir='ltr'><strong>aquam</strong></span> <span class='ocrx_word' id='word_1_54' title='bbox 2899 1340 2961 1399; x_wconf 86' lang='lat' dir='ltr'><strong>in</strong></span> 
     </span>
     <span class='ocr_line' id='line_1_10' title="bbox 1058 1436 2962 1520; baseline -0.002 -22"><span class='ocrx_word' id='word_1_55' title='bbox 1058 1447 1225 1518; x_wconf 86' lang='lat' dir='ltr'><strong>parte</strong></span> <span class='ocrx_word' id='word_1_56' title='bbox 1277 1438 1535 1500; x_wconf 82' lang='lat' dir='ltr'><strong>Caesaris</strong></span> <span class='ocrx_word' id='word_1_57' title='bbox 1585 1440 1842 1500; x_wconf 86' lang='lat' dir='ltr'><strong>immissa</strong></span> <span class='ocrx_word' id='word_1_58' title='bbox 1881 1439 2110 1500; x_wconf 86' lang='lat' dir='ltr'><strong>marina</strong></span> <span class='ocrx_word' id='word_1_59' title='bbox 2155 1457 2345 1520; x_wconf 82' lang='lat' dir='ltr'><strong>posse,</strong></span> <span class='ocrx_word' id='word_1_60' title='bbox 2391 1439 2614 1517; x_wconf 78' lang='lat' dir='ltr'><strong>ingenti</strong></span> <span class='ocrx_word' id='word_1_61' title='bbox 2653 1436 2962 1496; x_wconf 83' lang='lat' dir='ltr'><strong>molitione</strong></span> 
     </span>
     <span class='ocr_line' id='line_1_11' title="bbox 1056 1535 2961 1618; baseline 0.001 -24"><span class='ocrx_word' id='word_1_62' title='bbox 1056 1554 1265 1616; x_wconf 85' lang='lat' dir='ltr'><strong>specus</strong></span> <span class='ocrx_word' id='word_1_63' title='bbox 1289 1537 1375 1597; x_wconf 88' lang='lat' dir='ltr'><strong>sic</strong></span> <span class='ocrx_word' id='word_1_64' title='bbox 1402 1538 1726 1618; x_wconf 74' lang='lat' dir='ltr'><strong>inter-sepit,</strong></span> <span class='ocrx_word' id='word_1_65' title='bbox 1753 1547 1822 1596; x_wconf 90' lang='lat' dir='ltr'><strong>ut</strong></span> <span class='ocrx_word' id='word_1_66' title='bbox 1845 1537 2162 1618; x_wconf 82' lang='lat' dir='ltr'><strong>incorrupti</strong></span> <span class='ocrx_word' id='word_1_67' title='bbox 2203 1544 2506 1596; x_wconf 86' lang='lat' dir='ltr'><strong>manerent</strong></span> <span class='ocrx_word' id='word_1_68' title='bbox 2530 1535 2608 1596; x_wconf 85' lang='lat' dir='ltr'><strong>ad</strong></span> <span class='ocrx_word' id='word_1_69' title='bbox 2633 1554 2802 1596; x_wconf 86' lang='lat' dir='ltr'><strong>suam</strong></span> <span class='ocrx_word' id='word_1_70' title='bbox 2829 1554 2961 1616; x_wconf 81' lang='lat' dir='ltr'><strong>par-</strong></span> 
     </span>
     <span class='ocr_line' id='line_1_12' title="bbox 1055 1631 2966 1715; baseline -0.001 -22"><span class='ocrx_word' id='word_1_71' title='bbox 1055 1641 1177 1693; x_wconf 85' lang='lat' dir='ltr'><strong>tem</strong></span> <span class='ocrx_word' id='word_1_72' title='bbox 1202 1635 1588 1715; x_wconf 84' lang='lat' dir='ltr'><strong>pertinentes;</strong></span> <span class='ocrx_word' id='word_1_73' title='bbox 1632 1633 1894 1694; x_wconf 88' lang='lat' dir='ltr'><strong>Julianis</strong></span> <span class='ocrx_word' id='word_1_74' title='bbox 1915 1633 2086 1694; x_wconf 80' lang='lat' dir='ltr'><strong>salsae</strong></span> <span class='ocrx_word' id='word_1_75' title='bbox 2111 1653 2308 1713; x_wconf 79' lang='lat' dir='ltr'><strong>aquae,</strong></span> <span class='ocrx_word' id='word_1_76' title='bbox 2333 1653 2484 1713; x_wconf 88' lang='lat' dir='ltr'><strong>quas</strong></span> <span class='ocrx_word' id='word_1_77' title='bbox 2519 1652 2599 1692; x_wconf 85' lang='lat' dir='ltr'><strong>ex</strong></span> <span class='ocrx_word' id='word_1_78' title='bbox 2635 1631 2786 1692; x_wconf 87' lang='lat' dir='ltr'><strong>mari</strong></span> <span class='ocrx_word' id='word_1_79' title='bbox 2823 1631 2966 1692; x_wconf 82' lang='lat' dir='ltr'><strong>rotis</strong></span> 
     </span>
     <span class='ocr_line' id='line_1_13' title="bbox 1057 1728 2963 1812; baseline -0.001 -23"><span class='ocrx_word' id='word_1_80' title='bbox 1057 1739 1238 1812; x_wconf 85' lang='lat' dir='ltr'><strong>atque</strong></span> <span class='ocrx_word' id='word_1_81' title='bbox 1264 1731 1804 1792; x_wconf 73' lang='lat' dir='ltr'><strong>machinationibus</strong></span> <span class='ocrx_word' id='word_1_82' title='bbox 1839 1732 2210 1791; x_wconf 80' lang='lat' dir='ltr'><strong>continenter</strong></span> <span class='ocrx_word' id='word_1_83' title='bbox 2245 1729 2561 1801; x_wconf 85' lang='lat' dir='ltr'><strong>educebat,</strong></span> <span class='ocrx_word' id='word_1_84' title='bbox 2587 1728 2963 1790; x_wconf 83' lang='lat' dir='ltr'><strong>affunderen-</strong></span> 
     </span>
     <span class='ocr_line' id='line_1_14' title="bbox 1054 1826 2964 1910; baseline 0 -23"><span class='ocrx_word' id='word_1_85' title='bbox 1054 1835 1169 1888; x_wconf 82' lang='lat' dir='ltr'><strong>tur.</strong></span> <span class='ocrx_word' id='word_1_86' title='bbox 1253 1827 1411 1889; x_wconf 83' lang='lat' dir='ltr'><strong>Cum</strong></span> <span class='ocrx_word' id='word_1_87' title='bbox 1438 1831 1525 1889; x_wconf 86' lang='lat' dir='ltr'><strong>ita</strong></span> <span class='ocrx_word' id='word_1_88' title='bbox 1551 1829 1841 1910; x_wconf 87' lang='lat' dir='ltr'><strong>paulatim</strong></span> <span class='ocrx_word' id='word_1_89' title='bbox 1867 1829 2075 1890; x_wconf 87' lang='lat' dir='ltr'><strong>salsior</strong></span> <span class='ocrx_word' id='word_1_90' title='bbox 2099 1848 2260 1910; x_wconf 87' lang='lat' dir='ltr'><strong>aqua</strong></span> <span class='ocrx_word' id='word_1_91' title='bbox 2284 1849 2360 1888; x_wconf 85' lang='lat' dir='ltr'><strong>ex</strong></span> <span class='ocrx_word' id='word_1_92' title='bbox 2388 1829 2672 1910; x_wconf 74' lang='lat' dir='ltr'><strong>proximis</strong></span> <span class='ocrx_word' id='word_1_93' title='bbox 2693 1826 2964 1888; x_wconf 62' lang='lat' dir='ltr'><strong>adificiis</strong></span> 
     </span>
     <span class='ocr_line' id='line_1_15' title="bbox 1054 1924 2964 2007; baseline -0.001 -21"><span class='ocrx_word' id='word_1_94' title='bbox 1054 1927 1401 1998; x_wconf 83' lang='lat' dir='ltr'><strong>traheretur,</strong></span> <span class='ocrx_word' id='word_1_95' title='bbox 1442 1925 1886 1986; x_wconf 84' lang='lat' dir='ltr'><strong>admirabantur</strong></span> <span class='ocrx_word' id='word_1_96' title='bbox 1938 1927 2190 2007; x_wconf 88' lang='lat' dir='ltr'><strong>primum</strong></span> <span class='ocrx_word' id='word_1_97' title='bbox 2231 1925 2488 1986; x_wconf 76' lang='lat' dir='ltr'><strong>Caesaris</strong></span> <span class='ocrx_word' id='word_1_98' title='bbox 2525 1924 2762 1996; x_wconf 52' lang='lat' dir='ltr'><strong>milites,</strong></span> <span class='ocrx_word' id='word_1_99' title='bbox 2805 1925 2964 1986; x_wconf 85' lang='lat' dir='ltr'><strong>unde</strong></span> 
     </span>
     <span class='ocr_line' id='line_1_16' title="bbox 1052 2019 2967 2104; baseline 0 -24"><span class='ocrx_word' id='word_1_100' title='bbox 1052 2041 1195 2100; x_wconf 77' lang='lat' dir='ltr'><strong>ergo</strong></span> <span class='ocrx_word' id='word_1_101' title='bbox 1220 2024 1473 2082; x_wconf 80' lang='lat' dir='ltr'><strong>mutatio</strong></span> <span class='ocrx_word' id='word_1_102' title='bbox 1498 2021 1604 2083; x_wconf 89' lang='lat' dir='ltr'><strong>illa</strong></span> <span class='ocrx_word' id='word_1_103' title='bbox 1641 2021 2007 2104; x_wconf 84' lang='lat' dir='ltr'><strong>procederet,</strong></span> <span class='ocrx_word' id='word_1_104' title='bbox 2033 2023 2356 2103; x_wconf 60' lang='lat' dir='ltr'><strong>prasertim</strong></span> <span class='ocrx_word' id='word_1_105' title='bbox 2381 2041 2516 2082; x_wconf 89' lang='lat' dir='ltr'><strong>cum</strong></span> <span class='ocrx_word' id='word_1_106' title='bbox 2555 2019 2967 2082; x_wconf 74' lang='lat' dir='ltr'><strong>remotioribus</strong></span> 
     </span>
     <span class='ocr_line' id='line_1_17' title="bbox 1054 2117 2964 2202; baseline 0.001 -24"><span class='ocrx_word' id='word_1_107' title='bbox 1054 2117 1253 2178; x_wconf 83' lang='lat' dir='ltr'><strong>adhuc</strong></span> <span class='ocrx_word' id='word_1_108' title='bbox 1292 2117 1437 2179; x_wconf 85' lang='lat' dir='ltr'><strong>locis</strong></span> <span class='ocrx_word' id='word_1_109' title='bbox 1460 2119 1660 2200; x_wconf 86' lang='lat' dir='ltr'><strong>qualis</strong></span> <span class='ocrx_word' id='word_1_110' title='bbox 1693 2121 1856 2202; x_wconf 86' lang='lat' dir='ltr'><strong>prius</strong></span> <span class='ocrx_word' id='word_1_111' title='bbox 1893 2140 2053 2200; x_wconf 87' lang='lat' dir='ltr'><strong>aqua</strong></span> <span class='ocrx_word' id='word_1_112' title='bbox 2087 2139 2214 2180; x_wconf 87' lang='lat' dir='ltr'><strong>esse</strong></span> <span class='ocrx_word' id='word_1_113' title='bbox 2237 2119 2554 2180; x_wconf 77' lang='lat' dir='ltr'><strong>videretur.</strong></span> <span class='ocrx_word' id='word_1_114' title='bbox 2640 2117 2766 2179; x_wconf 86' lang='lat' dir='ltr'><strong>Sed</strong></span> <span class='ocrx_word' id='word_1_115' title='bbox 2799 2129 2964 2200; x_wconf 85' lang='lat' dir='ltr'><strong>post-</strong></span> 
     </span>
     <span class='ocr_line' id='line_1_18' title="bbox 1053 2216 2963 2299; baseline 0.001 -24"><span class='ocrx_word' id='word_1_116' title='bbox 1053 2235 1233 2296; x_wconf 88' lang='lat' dir='ltr'><strong>quam</strong></span> <span class='ocrx_word' id='word_1_117' title='bbox 1264 2217 1475 2276; x_wconf 80' lang='lat' dir='ltr'><strong>sensim</strong></span> <span class='ocrx_word' id='word_1_118' title='bbox 1510 2216 1617 2277; x_wconf 91' lang='lat' dir='ltr'><strong>illa</strong></span> <span class='ocrx_word' id='word_1_119' title='bbox 1652 2237 1890 2299; x_wconf 90' lang='lat' dir='ltr'><strong>quoque</strong></span> <span class='ocrx_word' id='word_1_120' title='bbox 1925 2217 2144 2277; x_wconf 87' lang='lat' dir='ltr'><strong>salsum</strong></span> <span class='ocrx_word' id='word_1_121' title='bbox 2179 2217 2412 2277; x_wconf 81' lang='lat' dir='ltr'><strong>trabere</strong></span> <span class='ocrx_word' id='word_1_122' title='bbox 2447 2235 2720 2298; x_wconf 88' lang='lat' dir='ltr'><strong>saporem</strong></span> <span class='ocrx_word' id='word_1_123' title='bbox 2757 2218 2963 2297; x_wconf 66' lang='lat' dir='ltr'><strong>coepit,</strong></span> 
     </span>
     <span class='ocr_line' id='line_1_19' title="bbox 1050 2313 2966 2393; baseline 0.001 -20"><span class='ocrx_word' id='word_1_124' title='bbox 1050 2313 1434 2391; x_wconf 76' lang='lat' dir='ltr'><strong>conjicientes</strong></span> <span class='ocrx_word' id='word_1_125' title='bbox 1473 2313 1634 2393; x_wconf 90' lang='lat' dir='ltr'><strong>quod</strong></span> <span class='ocrx_word' id='word_1_126' title='bbox 1676 2323 1828 2385; x_wconf 87' lang='lat' dir='ltr'><strong>erat,</strong></span> <span class='ocrx_word' id='word_1_127' title='bbox 1872 2313 1932 2374; x_wconf 85' lang='lat' dir='ltr'><strong>in</strong></span> <span class='ocrx_word' id='word_1_128' title='bbox 1969 2334 2109 2374; x_wconf 89' lang='lat' dir='ltr'><strong>eum</strong></span> <span class='ocrx_word' id='word_1_129' title='bbox 2151 2313 2399 2375; x_wconf 85' lang='lat' dir='ltr'><strong>adducti</strong></span> <span class='ocrx_word' id='word_1_130' title='bbox 2439 2323 2580 2374; x_wconf 83' lang='lat' dir='ltr'><strong>sunt</strong></span> <span class='ocrx_word' id='word_1_131' title='bbox 2620 2323 2867 2384; x_wconf 87' lang='lat' dir='ltr'><strong>metum,</strong></span> <span class='ocrx_word' id='word_1_132' title='bbox 2901 2323 2966 2374; x_wconf 90' lang='lat' dir='ltr'><strong>ut</strong></span> 
     </span>
     <span class='ocr_line' id='line_1_20' title="bbox 1050 2409 2964 2492; baseline 0.001 -23"><span class='ocrx_word' id='word_1_133' title='bbox 1050 2409 1528 2470; x_wconf 70' lang='lat' dir='ltr'><strong>conscendendas</strong></span> <span class='ocrx_word' id='word_1_134' title='bbox 1559 2409 1864 2492; x_wconf 82' lang='lat' dir='ltr'><strong>extemplo</strong></span> <span class='ocrx_word' id='word_1_135' title='bbox 1901 2431 2106 2482; x_wconf 82' lang='lat' dir='ltr'><strong>naves,</strong></span> <span class='ocrx_word' id='word_1_136' title='bbox 2143 2420 2206 2470; x_wconf 91' lang='lat' dir='ltr'><strong>et</strong></span> <span class='ocrx_word' id='word_1_137' title='bbox 2239 2409 2406 2490; x_wconf 81' lang='lat' dir='ltr'><strong>fuga,</strong></span> <span class='ocrx_word' id='word_1_138' title='bbox 2447 2410 2591 2471; x_wconf 89' lang='lat' dir='ltr'><strong>licet</strong></span> <span class='ocrx_word' id='word_1_139' title='bbox 2624 2410 2964 2492; x_wconf 82' lang='lat' dir='ltr'><strong>plenissima</strong></span> 
     </span>
     <span class='ocr_line' id='line_1_21' title="bbox 1053 2505 2680 2584; baseline 0.001 -20"><span class='ocrx_word' id='word_1_140' title='bbox 1053 2505 1325 2584; x_wconf 90' lang='lat' dir='ltr'><strong>periculi,</strong></span> <span class='ocrx_word' id='word_1_141' title='bbox 1348 2505 1774 2567; x_wconf 86' lang='lat' dir='ltr'><strong>consulendum</strong></span> <span class='ocrx_word' id='word_1_142' title='bbox 1799 2507 1979 2568; x_wconf 88' lang='lat' dir='ltr'><strong>saluti</strong></span> <span class='ocrx_word' id='word_1_143' title='bbox 2005 2507 2266 2568; x_wconf 88' lang='lat' dir='ltr'><strong>omnium</strong></span> <span class='ocrx_word' id='word_1_144' title='bbox 2291 2517 2680 2568; x_wconf 84' lang='lat' dir='ltr'><strong>autumarent.</strong></span> 
     </span>
    </p>

    <p class='ocr_par' dir='ltr' id='par_1_5' title="bbox 1048 2602 3020 3850">
     <span class='ocr_line' id='line_1_22' title="bbox 1132 2602 2960 2680; baseline 0.003 -17"><span class='ocrx_word' id='word_1_145' title='bbox 1132 2609 1235 2664; x_wconf 84' lang='grc'><strong>64.</strong></span> <span class='ocrx_word' id='word_1_146' title='bbox 1278 2602 1379 2663; x_wconf 91' lang='lat' dir='ltr'><strong>Ibi</strong></span> <span class='ocrx_word' id='word_1_147' title='bbox 1416 2603 1656 2664; x_wconf 76' lang='lat' dir='ltr'><strong>Caesar:</strong></span> <span class='ocrx_word' id='word_1_148' title='bbox 1703 2603 1923 2664; x_wconf 88' lang='lat' dir='ltr'><strong>‘Vana</strong></span> <span class='ocrx_word' id='word_1_149' title='bbox 1955 2625 2066 2666; x_wconf 78' lang='lat' dir='ltr'><strong>vos</strong></span> <span class='ocrx_word' id='word_1_150' title='bbox 2097 2613 2342 2666; x_wconf 84' lang='lat' dir='ltr'><strong>exercet</strong></span> <span class='ocrx_word' id='word_1_151' title='bbox 2373 2625 2539 2677; x_wconf 87' lang='lat' dir='ltr'><strong>cura,</strong></span> <span class='ocrx_word' id='word_1_152' title='bbox 2565 2605 2806 2677; x_wconf 79' lang='lat' dir='ltr'><strong>milites,</strong></span> <span class='ocrx_word' id='word_1_153' title='bbox 2833 2607 2960 2680; x_wconf 87' lang='lat' dir='ltr'><strong>sed,</strong></span> 
     </span>
     <span class='ocr_line' id='line_1_23' title="bbox 1050 2681 3020 2783; baseline 0.002 -25"><span class='ocrx_word' id='word_1_154' title='bbox 1050 2699 1163 2759; x_wconf 84' lang='lat' dir='ltr'><strong>nisi</strong></span> <span class='ocrx_word' id='word_1_155' title='bbox 1216 2700 1615 2781; x_wconf 82' lang='lat' dir='ltr'><strong>provideatur,</strong></span> <span class='ocrx_word' id='word_1_156' title='bbox 1671 2701 1732 2760; x_wconf 89' lang='lat' dir='ltr'><strong>in</strong></span> <span class='ocrx_word' id='word_1_157' title='bbox 1781 2721 1986 2762; x_wconf 83' lang='lat' dir='ltr'><strong>veram</strong></span> <span class='ocrx_word' id='word_1_158' title='bbox 2035 2721 2274 2762; x_wconf 86' lang='lat' dir='ltr'><strong>cessura</strong></span> <span class='ocrx_word' id='word_1_159' title='bbox 2325 2701 2661 2782; x_wconf 86' lang='lat' dir='ltr'><strong>perniciem.</strong></span> <span class='ocrx_word' id='word_1_160' title='bbox 2751 2702 2955 2783; x_wconf 78' lang='lat' dir='ltr'><strong>Aquae</strong></span> <span class='ocrx_word' id='word_1_161' title='bbox 3001 2681 3020 2702; x_wconf 70' lang='lat'>⁸</span> 
     </span>
     <span class='ocr_line' id='line_1_24' title="bbox 1052 2795 2958 2880; baseline 0.002 -24"><span class='ocrx_word' id='word_1_162' title='bbox 1052 2795 1298 2875; x_wconf 81' lang='lat' dir='ltr'><strong>penuria</strong></span> <span class='ocrx_word' id='word_1_163' title='bbox 1320 2797 1639 2857; x_wconf 84' lang='lat' dir='ltr'><strong>movemini</strong></span> <span class='ocrx_word' id='word_1_164' title='bbox 1663 2816 1679 2856; x_wconf 73' lang='grc' dir='ltr'><strong><em>ε</em></strong></span> <span class='ocrx_word' id='word_1_165' title='bbox 1723 2817 1910 2876; x_wconf 88' lang='lat' dir='ltr'><strong>neque</strong></span> <span class='ocrx_word' id='word_1_166' title='bbox 1939 2797 2110 2858; x_wconf 88' lang='lat' dir='ltr'><strong>aliter</strong></span> <span class='ocrx_word' id='word_1_167' title='bbox 2134 2799 2346 2858; x_wconf 80' lang='lat' dir='ltr'><strong>evitari</strong></span> <span class='ocrx_word' id='word_1_168' title='bbox 2373 2799 2593 2858; x_wconf 90' lang='lat' dir='ltr'><strong>malum</strong></span> <span class='ocrx_word' id='word_1_169' title='bbox 2635 2798 2752 2859; x_wconf 88' lang='lat' dir='ltr'><strong>hoe</strong></span> <span class='ocrx_word' id='word_1_170' title='bbox 2789 2819 2958 2880; x_wconf 84' lang='lat' dir='ltr'><strong>posse</strong></span> 
     </span>
     <span class='ocr_line' id='line_1_25' title="bbox 1048 2892 2957 2973; baseline 0.003 -21"><span class='ocrx_word' id='word_1_171' title='bbox 1048 2892 1314 2965; x_wconf 85' lang='lat' dir='ltr'><strong>creditis,</strong></span> <span class='ocrx_word' id='word_1_172' title='bbox 1345 2913 1527 2973; x_wconf 89' lang='lat' dir='ltr'><strong>quam</strong></span> <span class='ocrx_word' id='word_1_173' title='bbox 1566 2893 1627 2952; x_wconf 89' lang='lat' dir='ltr'><strong>in</strong></span> <span class='ocrx_word' id='word_1_174' title='bbox 1671 2893 1834 2954; x_wconf 87' lang='lat' dir='ltr'><strong>aliud</strong></span> <span class='ocrx_word' id='word_1_175' title='bbox 1875 2895 2121 2966; x_wconf 89' lang='lat' dir='ltr'><strong>ruendo,</strong></span> <span class='ocrx_word' id='word_1_176' title='bbox 2166 2896 2260 2955; x_wconf 87' lang='lat' dir='ltr'><strong>cui</strong></span> <span class='ocrx_word' id='word_1_177' title='bbox 2303 2895 2532 2954; x_wconf 90' lang='lat' dir='ltr'><strong>nullum</strong></span> <span class='ocrx_word' id='word_1_178' title='bbox 2577 2896 2656 2956; x_wconf 86' lang='lat' dir='ltr'><strong>sit</strong></span> <span class='ocrx_word' id='word_1_179' title='bbox 2699 2895 2957 2957; x_wconf 85' lang='lat' dir='ltr'><strong>futurum</strong></span> 
     </span>
     <span class='ocr_line' id='line_1_26' title="bbox 1050 2991 2960 3073; baseline 0.002 -22"><span class='ocrx_word' id='word_1_180' title='bbox 1050 2991 1396 3061; x_wconf 85' lang='lat' dir='ltr'><strong>remedium,</strong></span> <span class='ocrx_word' id='word_1_181' title='bbox 1438 3011 1575 3052; x_wconf 90' lang='lat' dir='ltr'><strong>cum</strong></span> <span class='ocrx_word' id='word_1_182' title='bbox 1628 2993 1894 3073; x_wconf 86' lang='lat' dir='ltr'><strong>superius</strong></span> <span class='ocrx_word' id='word_1_183' title='bbox 1945 2991 2094 3053; x_wconf 88' lang='lat' dir='ltr'><strong>illud</strong></span> <span class='ocrx_word' id='word_1_184' title='bbox 2145 2995 2226 3053; x_wconf 86' lang='lat' dir='ltr'><strong>sit</strong></span> <span class='ocrx_word' id='word_1_185' title='bbox 2271 2991 2646 3054; x_wconf 84' lang='lat' dir='ltr'><strong>medicabile.</strong></span> <span class='ocrx_word' id='word_1_186' title='bbox 2731 2993 2960 3054; x_wconf 85' lang='lat' dir='ltr'><strong>Puteos</strong></span> 
     </span>
     <span class='ocr_line' id='line_1_27' title="bbox 1052 3087 2958 3172; baseline 0.002 -25"><span class='ocrx_word' id='word_1_187' title='bbox 1052 3087 1412 3148; x_wconf 78' lang='lat' dir='ltr'><strong>fodientibus</strong></span> <span class='ocrx_word' id='word_1_188' title='bbox 1434 3088 1641 3149; x_wconf 82' lang='lat' dir='ltr'><strong>deesse</strong></span> <span class='ocrx_word' id='word_1_189' title='bbox 1677 3109 1838 3169; x_wconf 91' lang='lat' dir='ltr'><strong>aqua</strong></span> <span class='ocrx_word' id='word_1_190' title='bbox 1861 3089 2053 3151; x_wconf 87' lang='lat' dir='ltr'><strong>dulcis</strong></span> <span class='ocrx_word' id='word_1_191' title='bbox 2085 3110 2202 3151; x_wconf 87' lang='lat' dir='ltr'><strong>non</strong></span> <span class='ocrx_word' id='word_1_192' title='bbox 2241 3091 2481 3172; x_wconf 87' lang='lat' dir='ltr'><strong>poterit,</strong></span> <span class='ocrx_word' id='word_1_193' title='bbox 2506 3109 2646 3170; x_wconf 65' lang='lat' dir='ltr'><strong>quar</strong></span> <span class='ocrx_word' id='word_1_194' title='bbox 2673 3091 2958 3152; x_wconf 84' lang='lat' dir='ltr'><strong>naturali-</strong></span> 
     </span>
     <span class='ocr_line' id='line_1_28' title="bbox 1052 3183 2958 3268; baseline 0.003 -26"><span class='ocrx_word' id='word_1_195' title='bbox 1052 3193 1145 3243; x_wconf 86' lang='lat' dir='ltr'><strong>ter</strong></span> <span class='ocrx_word' id='word_1_196' title='bbox 1193 3183 1493 3246; x_wconf 82' lang='lat' dir='ltr'><strong>littoribus</strong></span> <span class='ocrx_word' id='word_1_197' title='bbox 1541 3185 1814 3247; x_wconf 85' lang='lat' dir='ltr'><strong>omnibus</strong></span> <span class='ocrx_word' id='word_1_198' title='bbox 1864 3187 2034 3246; x_wconf 56' lang='lat' dir='ltr'><strong>inest.</strong></span> <span class='ocrx_word' id='word_1_199' title='bbox 2117 3185 2304 3254; x_wconf 82' lang='lat' dir='ltr'><strong>Quod</strong></span> <span class='ocrx_word' id='word_1_200' title='bbox 2353 3188 2404 3247; x_wconf 89' lang='lat' dir='ltr'><strong>si</strong></span> <span class='ocrx_word' id='word_1_201' title='bbox 2453 3187 2533 3246; x_wconf 85' lang='lat' dir='ltr'><strong>sit</strong></span> <span class='ocrx_word' id='word_1_202' title='bbox 2581 3187 2728 3258; x_wconf 87' lang='lat' dir='ltr'><strong>alia,</strong></span> <span class='ocrx_word' id='word_1_203' title='bbox 2781 3209 2958 3268; x_wconf 88' lang='lat' dir='ltr'><strong>quam</strong></span> 
     </span>
     <span class='ocr_line' id='line_1_29' title="bbox 1048 3278 2962 3364; baseline 0.004 -27"><span class='ocrx_word' id='word_1_204' title='bbox 1048 3278 1435 3360; x_wconf 87' lang='lat' dir='ltr'><strong>reliquorum,</strong></span> <span class='ocrx_word' id='word_1_205' title='bbox 1486 3281 1760 3363; x_wconf 74' lang='lat' dir='ltr'><strong>AEgyptii</strong></span> <span class='ocrx_word' id='word_1_206' title='bbox 1809 3282 2024 3342; x_wconf 87' lang='lat' dir='ltr'><strong>littoris</strong></span> <span class='ocrx_word' id='word_1_207' title='bbox 2073 3292 2309 3354; x_wconf 84' lang='lat' dir='ltr'><strong>natura,</strong></span> <span class='ocrx_word' id='word_1_208' title='bbox 2361 3293 2426 3343; x_wconf 92' lang='lat' dir='ltr'><strong>at</strong></span> <span class='ocrx_word' id='word_1_209' title='bbox 2475 3284 2743 3364; x_wconf 89' lang='lat' dir='ltr'><strong>quotidie</strong></span> <span class='ocrx_word' id='word_1_210' title='bbox 2795 3285 2962 3345; x_wconf 88' lang='lat' dir='ltr'><strong>nobis</strong></span> 
     </span>
     <span class='ocr_line' id='line_1_30' title="bbox 1052 3377 2958 3460; baseline 0.005 -25"><span class='ocrx_word' id='word_1_211' title='bbox 1052 3395 1215 3457; x_wconf 82' lang='lat' dir='ltr'><strong>aqua</strong></span> <span class='ocrx_word' id='word_1_212' title='bbox 1252 3377 1501 3438; x_wconf 86' lang='lat' dir='ltr'><strong>subvehi</strong></span> <span class='ocrx_word' id='word_1_213' title='bbox 1526 3381 1780 3439; x_wconf 81' lang='lat' dir='ltr'><strong>navibus</strong></span> <span class='ocrx_word' id='word_1_214' title='bbox 1814 3381 2049 3460; x_wconf 82' lang='lat' dir='ltr'><strong>poterit.</strong></span> <span class='ocrx_word' id='word_1_215' title='bbox 2135 3379 2300 3445; x_wconf 88' lang='lat' dir='ltr'><strong>Mari</strong></span> <span class='ocrx_word' id='word_1_216' title='bbox 2325 3379 2512 3440; x_wconf 92' lang='lat' dir='ltr'><strong>libero</strong></span> <span class='ocrx_word' id='word_1_217' title='bbox 2539 3381 2780 3453; x_wconf 86' lang='lat' dir='ltr'><strong>utimur,</strong></span> <span class='ocrx_word' id='word_1_218' title='bbox 2807 3383 2958 3444; x_wconf 86' lang='lat' dir='ltr'><strong>olas-</strong></span> 
     </span>
     <span class='ocr_line' id='line_1_31' title="bbox 1052 3477 2960 3562; baseline 0.005 -30"><span class='ocrx_word' id='word_1_219' title='bbox 1052 3493 1176 3533; x_wconf 89' lang='lat' dir='ltr'><strong>sem</strong></span> <span class='ocrx_word' id='word_1_220' title='bbox 1203 3482 1412 3534; x_wconf 77' lang='lat' dir='ltr'><strong>nostrae</strong></span> <span class='ocrx_word' id='word_1_221' title='bbox 1437 3495 1637 3556; x_wconf 89' lang='lat' dir='ltr'><strong>parem</strong></span> <span class='ocrx_word' id='word_1_222' title='bbox 1665 3497 1782 3537; x_wconf 88' lang='lat' dir='ltr'><strong>non</strong></span> <span class='ocrx_word' id='word_1_223' title='bbox 1809 3477 2033 3538; x_wconf 88' lang='lat' dir='ltr'><strong>habent</strong></span> <span class='ocrx_word' id='word_1_224' title='bbox 2055 3478 2286 3538; x_wconf 85' lang='lat' dir='ltr'><strong>hostes:</strong></span> <span class='ocrx_word' id='word_1_225' title='bbox 2327 3485 2412 3548; x_wconf 86' lang='lat' dir='ltr'><strong>et,</strong></span> <span class='ocrx_word' id='word_1_226' title='bbox 2435 3497 2510 3538; x_wconf 88' lang='lat' dir='ltr'><strong>ne</strong></span> <span class='ocrx_word' id='word_1_227' title='bbox 2534 3479 2727 3539; x_wconf 83' lang='lat' dir='ltr'><strong>ventis</strong></span> <span class='ocrx_word' id='word_1_228' title='bbox 2761 3481 2960 3562; x_wconf 90' lang='lat' dir='ltr'><strong>prohi-</strong></span> 
     </span>
     <span class='ocr_line' id='line_1_32' title="bbox 1054 3570 2960 3655; baseline 0.004 -25"><span class='ocrx_word' id='word_1_229' title='bbox 1054 3571 1322 3644; x_wconf 86' lang='lat' dir='ltr'><strong>beamur,</strong></span> <span class='ocrx_word' id='word_1_230' title='bbox 1347 3570 1591 3633; x_wconf 83' lang='lat' dir='ltr'><strong>diversis</strong></span> <span class='ocrx_word' id='word_1_231' title='bbox 1624 3593 1702 3633; x_wconf 82' lang='lat' dir='ltr'><strong>ex</strong></span> <span class='ocrx_word' id='word_1_232' title='bbox 1739 3575 2026 3655; x_wconf 87' lang='lat' dir='ltr'><strong>partibus,</strong></span> <span class='ocrx_word' id='word_1_233' title='bbox 2065 3576 2204 3635; x_wconf 87' lang='lat' dir='ltr'><strong>hinc</strong></span> <span class='ocrx_word' id='word_1_234' title='bbox 2238 3595 2277 3636; x_wconf 89' lang='lat' dir='ltr'><strong>a</strong></span> <span class='ocrx_word' id='word_1_235' title='bbox 2309 3574 2677 3647; x_wconf 65' lang='lat' dir='ltr'><strong>Paraetonio,</strong></span> <span class='ocrx_word' id='word_1_236' title='bbox 2709 3577 2850 3638; x_wconf 89' lang='lat' dir='ltr'><strong>inde</strong></span> <span class='ocrx_word' id='word_1_237' title='bbox 2885 3579 2960 3637; x_wconf 91' lang='lat' dir='ltr'><strong>ab</strong></span> 
     </span>
     <span class='ocr_line' id='line_1_33' title="bbox 1050 3669 2956 3754; baseline 0.004 -26"><span class='ocrx_word' id='word_1_238' title='bbox 1050 3669 1269 3740; x_wconf 87' lang='lat' dir='ltr'><strong>insula,</strong></span> <span class='ocrx_word' id='word_1_239' title='bbox 1291 3677 1491 3751; x_wconf 86' lang='lat' dir='ltr'><strong>petere</strong></span> <span class='ocrx_word' id='word_1_240' title='bbox 1520 3690 1739 3751; x_wconf 88' lang='lat' dir='ltr'><strong>aquam</strong></span> <span class='ocrx_word' id='word_1_241' title='bbox 1761 3671 1939 3741; x_wconf 85' lang='lat' dir='ltr'><strong>licet;</strong></span> <span class='ocrx_word' id='word_1_242' title='bbox 1969 3691 2152 3753; x_wconf 89' lang='lat' dir='ltr'><strong>quam</strong></span> <span class='ocrx_word' id='word_1_243' title='bbox 2179 3681 2488 3753; x_wconf 86' lang='lat' dir='ltr'><strong>utramque</strong></span> <span class='ocrx_word' id='word_1_244' title='bbox 2515 3676 2956 3754; x_wconf 80' lang='lat' dir='ltr'><strong>navigationem</strong></span> 
     </span>
     <span class='ocr_line' id='line_1_34' title="bbox 1048 3765 2582 3850; baseline 0.003 -24"><span class='ocrx_word' id='word_1_245' title='bbox 1048 3765 1260 3826; x_wconf 86' lang='lat' dir='ltr'><strong>eodem</strong></span> <span class='ocrx_word' id='word_1_246' title='bbox 1288 3774 1546 3846; x_wconf 87' lang='lat' dir='ltr'><strong>tempore</strong></span> <span class='ocrx_word' id='word_1_247' title='bbox 1572 3767 1720 3828; x_wconf 90' lang='lat' dir='ltr'><strong>nulli</strong></span> <span class='ocrx_word' id='word_1_248' title='bbox 1745 3767 2108 3848; x_wconf 75' lang='lat' dir='ltr'><strong>praecludere</strong></span> <span class='ocrx_word' id='word_1_249' title='bbox 2132 3770 2294 3830; x_wconf 83' lang='lat' dir='ltr'><strong>venti</strong></span> <span class='ocrx_word' id='word_1_250' title='bbox 2321 3779 2582 3850; x_wconf 84' lang='lat' dir='ltr'><strong>possunt.</strong></span> 
     </span>
    </p>

    <p class='ocr_par' dir='ltr' id='par_1_6' title="bbox 1048 3863 3014 4530">
     <span class='ocr_line' id='line_1_35' title="bbox 1131 3863 2960 3946; baseline 0.004 -24"><span class='ocrx_word' id='word_1_251' title='bbox 1131 3867 1235 3922; x_wconf 84' lang='grc'><strong>65.</strong></span> <span class='ocrx_word' id='word_1_252' title='bbox 1280 3871 1299 3898; x_wconf 90' lang='lat'>‘</span> <span class='ocrx_word' id='word_1_253' title='bbox 1321 3863 1449 3929; x_wconf 82' lang='lat' dir='ltr'><strong>Qui</strong></span> <span class='ocrx_word' id='word_1_254' title='bbox 1475 3883 1619 3924; x_wconf 84' lang='lat' dir='ltr'><strong>vero</strong></span> <span class='ocrx_word' id='word_1_255' title='bbox 1642 3863 1846 3944; x_wconf 80' lang='lat' dir='ltr'><strong>fugam</strong></span> <span class='ocrx_word' id='word_1_256' title='bbox 1874 3865 2218 3946; x_wconf 85' lang='lat' dir='ltr'><strong>respiciunt,</strong></span> <span class='ocrx_word' id='word_1_257' title='bbox 2237 3867 2302 3935; x_wconf 86' lang='lat' dir='ltr'><strong>ii,</strong></span> <span class='ocrx_word' id='word_1_258' title='bbox 2327 3865 2619 3939; x_wconf 87' lang='lat' dir='ltr'><strong>Hercule,</strong></span> <span class='ocrx_word' id='word_1_259' title='bbox 2643 3889 2758 3929; x_wconf 89' lang='lat' dir='ltr'><strong>non</strong></span> <span class='ocrx_word' id='word_1_260' title='bbox 2785 3869 2960 3930; x_wconf 90' lang='lat' dir='ltr'><strong>modo</strong></span> 
     </span>
     <span class='ocr_line' id='line_1_36' title="bbox 1052 3957 3014 4039; baseline 0.004 -22"><span class='ocrx_word' id='word_1_261' title='bbox 1052 3977 1201 4018; x_wconf 57' lang='lat' dir='ltr'><strong>mear.</strong></span> <span class='ocrx_word' id='word_1_262' title='bbox 1226 3957 1535 4039; x_wconf 80' lang='lat' dir='ltr'><strong>dig-nitatis</strong></span> <span class='ocrx_word' id='word_1_263' title='bbox 1571 3959 2021 4034; x_wconf 83' lang='lat' dir='ltr'><strong>obliviscuntur,</strong></span> <span class='ocrx_word' id='word_1_264' title='bbox 2048 3962 2152 4024; x_wconf 89' lang='lat' dir='ltr'><strong>sed</strong></span> <span class='ocrx_word' id='word_1_265' title='bbox 2189 3964 2368 4022; x_wconf 86' lang='lat' dir='ltr'><strong>etiam</strong></span> <span class='ocrx_word' id='word_1_266' title='bbox 2397 3963 2606 4024; x_wconf 87' lang='lat' dir='ltr'><strong>salutis</strong></span> <span class='ocrx_word' id='word_1_267' title='bbox 2629 3984 2772 4025; x_wconf 79' lang='lat' dir='ltr'><strong>suae.</strong></span> <span class='ocrx_word' id='word_1_268' title='bbox 2857 3965 2960 4025; x_wconf 87' lang='lat' dir='ltr'><strong>Sic</strong></span> <span class='ocrx_word' id='word_1_269' title='bbox 3003 3965 3014 3984; x_wconf 79' lang='grc'><em>“</em></span> 
     </span>
     <span class='ocr_line' id='line_1_37' title="bbox 1048 4054 2960 4142; baseline 0.004 -29"><span class='ocrx_word' id='word_1_270' title='bbox 1048 4075 1311 4134; x_wconf 86' lang='lat' dir='ltr'><strong>quoque,</strong></span> <span class='ocrx_word' id='word_1_271' title='bbox 1339 4054 1481 4116; x_wconf 89' lang='lat' dir='ltr'><strong>licet</strong></span> <span class='ocrx_word' id='word_1_272' title='bbox 1511 4059 1953 4138; x_wconf 81' lang='lat' dir='ltr'><strong>opportunitate</strong></span> <span class='ocrx_word' id='word_1_273' title='bbox 1991 4057 2374 4120; x_wconf 69' lang='lat' dir='ltr'><strong>aedificiorum</strong></span> <span class='ocrx_word' id='word_1_274' title='bbox 2399 4069 2462 4120; x_wconf 89' lang='lat' dir='ltr'><strong>et</strong></span> <span class='ocrx_word' id='word_1_275' title='bbox 2485 4081 2726 4142; x_wconf 84' lang='lat' dir='ltr'><strong>operum</strong></span> <span class='ocrx_word' id='word_1_276' title='bbox 2765 4061 2960 4140; x_wconf 86' lang='lat' dir='ltr'><strong>adjuti</strong></span> 
     </span>
     <span class='ocr_line' id='line_1_38' title="bbox 1050 4151 2956 4232; baseline 0.005 -23"><span class='ocrx_word' id='word_1_277' title='bbox 1050 4157 1279 4211; x_wconf 59' lang='lat' dir='ltr'><strong>mutam</strong></span> <span class='ocrx_word' id='word_1_278' title='bbox 1318 4151 1757 4212; x_wconf 83' lang='lat' dir='ltr'><strong>multitudinem</strong></span> <span class='ocrx_word' id='word_1_279' title='bbox 1784 4173 1940 4232; x_wconf 83' lang='lat' dir='ltr'><strong>aegre</strong></span> <span class='ocrx_word' id='word_1_280' title='bbox 1963 4157 2333 4215; x_wconf 88' lang='lat' dir='ltr'><strong>sustinemus.</strong></span> <span class='ocrx_word' id='word_1_281' title='bbox 2413 4155 2582 4222; x_wconf 81' lang='lat' dir='ltr'><strong>Quid</strong></span> <span class='ocrx_word' id='word_1_282' title='bbox 2623 4155 2730 4216; x_wconf 84' lang='lat' dir='ltr'><strong>fiet</strong></span> <span class='ocrx_word' id='word_1_283' title='bbox 2759 4159 2956 4229; x_wconf 88' lang='lat' dir='ltr'><strong>nobis,</strong></span> 
     </span>
     <span class='ocr_line' id='line_1_39' title="bbox 1052 4247 2957 4336; baseline 0.006 -31"><span class='ocrx_word' id='word_1_284' title='bbox 1052 4248 1157 4308; x_wconf 80' lang='lat' dir='ltr'><strong>ubi</strong></span> <span class='ocrx_word' id='word_1_285' title='bbox 1181 4247 1425 4320; x_wconf 87' lang='lat' dir='ltr'><strong>relictis,</strong></span> <span class='ocrx_word' id='word_1_286' title='bbox 1468 4269 1602 4329; x_wconf 77' lang='lat' dir='ltr'><strong>quae</strong></span> <span class='ocrx_word' id='word_1_287' title='bbox 1634 4269 1743 4310; x_wconf 84' lang='lat' dir='ltr'><strong>nos</strong></span> <span class='ocrx_word' id='word_1_288' title='bbox 1767 4250 2117 4324; x_wconf 82' lang='lat' dir='ltr'><strong>defendunt,</strong></span> <span class='ocrx_word' id='word_1_289' title='bbox 2145 4252 2317 4324; x_wconf 86' lang='lat' dir='ltr'><strong>locis,</strong></span> <span class='ocrx_word' id='word_1_290' title='bbox 2345 4253 2404 4312; x_wconf 87' lang='lat' dir='ltr'><strong>in</strong></span> <span class='ocrx_word' id='word_1_291' title='bbox 2431 4264 2695 4334; x_wconf 87' lang='lat' dir='ltr'><strong>apertum</strong></span> <span class='ocrx_word' id='word_1_292' title='bbox 2725 4275 2957 4336; x_wconf 83' lang='lat' dir='ltr'><strong>proces-</strong></span> 
     </span>
     <span class='ocr_line' id='line_1_40' title="bbox 1048 4345 2954 4433; baseline 0.006 -30"><span class='ocrx_word' id='word_1_293' title='bbox 1048 4345 1336 4405; x_wconf 74' lang='lat' dir='ltr'><strong>serimus?</strong></span> <span class='ocrx_word' id='word_1_294' title='bbox 1417 4346 1668 4413; x_wconf 83' lang='lat' dir='ltr'><strong>Quanta</strong></span> <span class='ocrx_word' id='word_1_295' title='bbox 1705 4369 1890 4422; x_wconf 90' lang='lat' dir='ltr'><strong>mora,</strong></span> <span class='ocrx_word' id='word_1_296' title='bbox 1933 4351 2154 4431; x_wconf 90' lang='lat' dir='ltr'><strong>quique</strong></span> <span class='ocrx_word' id='word_1_297' title='bbox 2191 4351 2480 4412; x_wconf 90' lang='lat' dir='ltr'><strong>tumultus</strong></span> <span class='ocrx_word' id='word_1_298' title='bbox 2517 4353 2597 4411; x_wconf 88' lang='lat' dir='ltr'><strong>sit</strong></span> <span class='ocrx_word' id='word_1_299' title='bbox 2631 4363 2954 4433; x_wconf 84' lang='lat' dir='ltr'><strong>expectan-</strong></span> 
     </span>
     <span class='ocr_line' id='line_1_41' title="bbox 1048 4439 2950 4530; baseline 0.006 -29"><span class='ocrx_word' id='word_1_300' title='bbox 1048 4439 1163 4502; x_wconf 85' lang='lat' dir='ltr'><strong>dus</strong></span> <span class='ocrx_word' id='word_1_301' title='bbox 1214 4443 1363 4504; x_wconf 83' lang='lat' dir='ltr'><strong>inter</strong></span> <span class='ocrx_word' id='word_1_302' title='bbox 1406 4445 1938 4523; x_wconf 87' lang='lat' dir='ltr'><strong>conscendendum,</strong></span> <span class='ocrx_word' id='word_1_303' title='bbox 1987 4449 2121 4529; x_wconf 86' lang='lat' dir='ltr'><strong>quis</strong></span> <span class='ocrx_word' id='word_1_304' title='bbox 2178 4449 2418 4512; x_wconf 83' lang='lat' dir='ltr'><strong>nescit?</strong></span> <span class='ocrx_word' id='word_1_305' title='bbox 2496 4451 2825 4530; x_wconf 67' lang='lat' dir='ltr'><strong>praesertim</strong></span> <span class='ocrx_word' id='word_1_306' title='bbox 2876 4471 2950 4512; x_wconf 86' lang='lat' dir='ltr'><strong>ex</strong></span> 
     </span>
    </p>
   </div>
   <div class='ocr_carea' id='block_1_4' title="bbox 3218 186 3226 732">
    <p class='ocr_par' dir='ltr' id='par_1_7' title="bbox 3218 186 3226 732">
     <span class='ocr_line' id='line_1_42' title="bbox 3218 186 3226 732; baseline 0 0"><span class='ocrx_word' id='word_1_307' title='bbox 3218 186 3226 732; x_wconf 95' lang='lat' dir='ltr'><strong> </strong></span> 
     </span>
    </p>
   </div>
  </div>
 </body>
</html>
