3300 5234
685 511 866 580 5366

687 681 820 732 Plut.
840 679 950 732 Cic·

686 754 742 795 et
761 745 890 798 cm.
908 753 960 797 st

689 809 834 860 Brut.
853 819 908 860 et

691 873 897 926 Anton-

691 1155 903 1222 Arnim·

715 1947 824 1998 cie.
843 1946 907 1997 ad

683 2011 794 2128 Διὶᾼα.
816 2027 930 2062 xtv.

717 2341 825 2392 cic.
844 2341 974 2394 Phil.

685 2423 726 2454 ι.
741 2409 821 2458 1⁸.
867 2407 987 2458 Dio.

687 2519 907 2586 Appian-

1639 531 1708 580 T.
1757 532 1945 582 121le

1012 671 1246 753 piterna
1267 670 1584 734 delendam
1605 675 1777 734 esse!
1844 672 1969 734 Sed
1994 683 2061 735 et
2082 671 2365 734 Groetnnn
2400 673 2651 733 verbum
2670 689 2925 752 και-ρα-
2998 653 3009 662 ’

1011 768 1102 829 vit
1141 777 1161 806 ⁶
1189 770 1584 841 amnestiam‚’
1599 777 1628 815 ⁸
1670 767 2131 830 Atheniensium
2164 769 2391 830 factum
2428 788 2659 830 comme
2718 787 2925 838 orans,

1015 873 1035 902 ⁶
1061 866 1168 946 qui
1203 877 1338 948 post
1371 876 1622 928 externa
1662 876 1845 947 atque
1888 868 2171 928 intestina
2208 867 2394 939 mala,
2428 865 2925 947 tyrannidemque

1015 962 1328 1043 perlatam,
1367 964 1486 1026 hac
1525 985 1647 1025 una
1687 973 1917 1026 tantum
1958 967 2187 1026 ratione
2230 964 2658 1047 rempublicam
2700 963 2925 1024 consti-

1011 1060 1304 1124 tuissent!

1095 1163 1197 1217 84.
1238 1156 1519 1218 Placatis
1560 1178 1666 1239 per
1708 1158 1841 1219 haec
1885 1157 2067 1218 ferme
2116 1157 2352 1228 animis,
2397 1165 2459 1217 et
2498 1155 2799 1220 inclinatis
2838 1155 2923 1215 ad

1011 1254 1415 1326 concordiam,
1441 1253 1514 1315 fit
1535 1255 2129 1328 senatusconsultum,
2166 1263 2185 1292 ‘
2207 1254 2398 1336 quaeri
2420 1252 2499 1313 de
2523 1252 2691 1313 caede
2712 1252 2925 1313 Casa-

1013 1349 1094 1409 ris
1127 1369 1244 1410 non
1271 1350 1543 1432 placere:
1581 1363 1723 1412 acta
1746 1361 1877 1411 rata
1900 1352 2069 1412 esse?
2151 1349 2452 1410 Additum
2476 1357 2591 1420 est,
2632 1357 2651 1386 ‘
2682 1359 2927 1431 propter

1013 1445 1334 1510 utilitatem
1361 1447 1709 1529 publicam,'
1736 1450 1905 1528 quasi
1929 1469 2037 1530 per
2062 1467 2127 1508 se
2162 1447 2428 1508 invalida
2458 1445 2711 1509 fuissent
2724 1468 2743 1516 ς
2788 1457 2925 1506 ten-

1011 1541 1292 1604 dentibus
1341 1565 1743 1624 percussorum
1806 1545 2033 1614 amicis,
2088 1553 2152 1604 et
2204 1543 2569 1605 eoncedente
2625 1543 2925 1604 Antonio.

1017 1636 1138 1698 Sed
1185 1649 1249 1699 et
1287 1639 1438 1700 illud
1483 1651 1903 1722 expresserunt
1944 1650 2357 1702 veteranorum
2401 1641 2775 1700 centuriones
2818 1641 2927 1698 tri-

1013 1734 1298 1817 bunique,
1345 1737 1432 1798 uti
1475 1738 1554 1798 de
1597 1739 1855 1819 praemiis
1900 1739 2021 1799 suis
2060 1747 2243 1818 atque
2286 1736 2535 1798 coloniis
2574 1737 2926 1797 nominatim

1013 1830 1362 1903 referretur:
1406 1834 1506 1894 hie
1529 1835 1735 1906 etiam,
1760 1836 1931 1916 quasi
1960 1855 2062 1916 per
2084 1843 2329 1907 metum,
2354 1833 2603 1894 cedente
2622 1833 2929 1905 Antonin,

1013 1935 1079 1986 et
1117 1925 1577 2002 demonstrante,
1619 1941 1638 1968 ‘
1668 1950 1805 1991 cum
1851 1931 2191 2013 praesidium
2234 1939 2475 1992 senatus
2518 1949 2635 1991 non
2676 1929 2925 2003 habeat,

1013 2025 1164 2087 nihil
1209 2027 1490 2108 denegari
1525 2051 1697 2111 posse
1742 2031 2025 2090 armatis?
2109 2028 2278 2089 Inter
2316 2029 2446 2089 haee
2486 2027 2929 2109 postulantibus

1014 2124 1301 2204 patribus,
1364 2135 1381 2162 ‘
1415 2127 1502 2186 uti
1551 2125 1883 2187 concordiae
1934 2125 2209 2186 ineundae
2257 2124 2601 2206 exemplum
2648 2125 2928 2186 consules

1012 2217 1247 2296 darent,
1274 2221 1773 2302 quemadmodum
1808 2233 1871 2284 et
1908 2222 2223 2284 consilium
2256 2221 2602 2295 dedissent‚'
2640 2223 2929 2304 depositis

1014 2315 1336 2380 inimicitiis
1373 2319 1434 2378 in
1471 2320 1723 2400 gratiam
1760 2319 2097 2380 redierunt:
2138 2328 2204 2379 et
2238 2339 2318 2380 ex
2362 2339 2437 2381 eo
2480 2319 2579 2380 die
2617 2319 2929 2381 Antonius
3028 2353 3040 2366 ·

1012 2414 1306 2494 collegam
1345 2417 1683 2479 consulatus
1714 2419 1805 2478 sui
1844 2415 2231 2479 Dolabellam
2266 2417 2527 2497 agnovit.

1095 2518 1194 2572 85.
1240 2510 1466 2573 Senatu
1509 2513 1773 2586 dimisso,
1812 2513 1883 2574 L.
1911 2514 2199 2576 Pisonem
2236 2515 2749 2575 circumsteterunt
2788 2515 2927 2593 qui-

1009 2605 1172 2678 dam,
1199 2628 1274 2668 ne
1298 2609 1538 2671 tabulas
1561 2612 1900 2672 testamenti
1928 2610 2187 2671 Caesaris
2212 2610 2517 2692 proferret,
2544 2631 2693 2670 neve
2716 2610 2925 2690 palam

1008 2705 1286 2787 sepeliret
1316 2717 1635 2780 mortuum,
1672 2711 2032 2790 rogitantes:
2074 2729 2149 2769 ne
2186 2709 2339 2770 forte
2374 2709 2521 2792 quid
2562 2709 2701 2770 inde
2734 2725 2925 2769 nova-

1008 2821 1146 2862 rum·
1165 2823 1354 2863 rerum
1381 2805 1726 2866 exoriretur.
1812 2805 2159 2884 Negantem
2186 2805 2323 2866 inde
2351 2815 2681 2887 presserunt
2704 2806 2923 2877 nerine,

1009 2901 1200 2960 minas
1247 2901 1638 2974 intendenteS,
1692 2905 1743 2964 si
1796 2913 2035 2985 propter
2082 2923 2221 2964 eum
2270 2903 2692 2985 dissiparentur
2734 2911 2923 2963 tantae

1007 3017 1171 3078 opes,
1201 3019 1352 3080 quas
1387 2999 1660 3080 publicas
1692 3021 1821 3062 esse
1860 3009 2179 3083 oporteret,
2206 3010 2526 3083 tyrannum
2563 3001 2743 3062 fuiaee
2780 3001 2921 3062 Cae-

1005 3115 1197 3155 sarem
1237 3097 1662 3157 subinnuendo.

1089 3201 1190 3253 86.
1235 3193 1430 3272 Igitur
1468 3195 1620 3255 Piso
1662 3197 1936 3256 consules
1978 3197 2265 3256 altissima
2303 3217 2451 3258 voce
2493 3205 2761 3267 testatur,
2808 3217 2918 3277 pa·-

1005 3297 1125 3348 tres
1165 3291 1426 3351 nondum
1469 3292 1781 3382 digressos.
1802 3295 2017 3354 iterum
2058 3295 2191 3375 cogi
2231 3295 2427 3376 petiit.
2510 3302 2529 3330 ‘
2562 3293 2721 3353 Rem
2756 3297 2918 3355 enim

1005 3405 1148 3445 saue
1173 3405 1450 3465 magnam
1475 3389 1789 3450 incidisse:
1832 3391 2076 3472 quando
2112 3395 2153 3451 ii
2191 3391 2295 3471 qui
2320 3399 2641 3472 tyrannum
2674 3411 2919 3474 oppres-

1007 3501 1138 3541 sum
1163 3503 1288 3542 esse
1315 3495 1598 3564 pugnent,
1627 3495 1719 3546 tot
1740 3489 2085 3547 exoriantur
2108 3507 2215 3569 pro
2242 3508 2361 3548 uno
2386 3489 2643 3568 tyranni.
2726 3487 2920 3568 Sepe-

1008 3576 1102 3637 liri
1129 3579 1471 3660 pontificem
1511 3585 1837 3644 maximum
1875 3589 2161 3656 vetant,¹¹
2190 3593 2255 3644 et
2278 3593 2691 3645 testamentum
2718 3585 2919 3667 profe·

1237 3751 1296 3797 11
1337 3749 1524 3800 Nolunt
1549 3751 1692 3803 Cler.
1756 3752 1969 3802 Luceant
1995 3751 2148 3818 reliq.
2170 3750 2293 3804 edd.
2318 3757 2443 3804 ante
2466 3751 2620 3804 Crev-

1787 3895 2157 3917 mooe-0000„

1071 3991 1098 4027 t
1115 3983 1341 4034 Graeetmt
1359 3987 1552 4036 verbum
1567 3989 1814 4052 usurpavit
1827 4005 1929 4039 um·
1999 3987 2185 4052 fuisse,
2218 3989 2286 4052 μὴ
2324 3995 2647 4053 μνησικακεῖν.
2713 3990 2915 4041 Mureti

1007 4049 1235 4124 nentium]
1271 4049 1699 4103 Aecnratissimae
1722 4055 1930 4104 Cicero·
1998 4066 2306 4116 argumenta
2327 4069 2589 4120 recenset,
2612 4065 2667 4107 et
2690 4057 2914 4120 adoptat

1009 4127 1090 4161 nis
1115 4113 1372 4164 editiones
1399 4131 1500 4166 non
1527 4118 1723 4168 babent
1748 4134 1928 4169 vocem
1998 4119 2371 4170 celeberrimus
2412 4123 2551 4188 apud
2588 4137 2681 4172 nos
2715 4123 2911 4170 Demo-

1007 4179 1304 4228 umnertt'um.
1337 4181 1442 4230 Sed
1466 4190 1522 4232 et
1542 4183 1801 4248 Muretus,
1818 4187 1929 4235 Lu.
1996 4187 2195 4235 sthenis
2234 4187 2497 4249 interpres
2542 4187 2803 4238 Tor-elliu·
2857 4186 2911 4234 in

1008 4243 1215 4293 variar.
1261 4245 1496 4296 Lection.
1544 4263 1592 4298 c.
1633 4253 1718 4299 15.
1750 4249 1929 4299 multis
1998 4252 2133 4300 notis
2158 4251 2222 4300 ad
2248 4252 2535 4304 orationem
2562 4251 2819 4304 AEscbinis
2856 4252 2911 4302 in

1009 4307 1202 4370 probat
1226 4311 1490 4372 propriam
1509 4312 1606 4362 bac
1633 4314 1684 4362 in
1711 4329 1766 4364 re
1788 4315 1926 4378 apud
2000 4316 2415 4383 Ctesiphontem.
2453 4321 2595 4369 Cret.

1009 4370 1358 4425 Athenienses
1384 4377 1630 4444 loquendi
1654 4377 1926 4434 formulam
2362 4385 2369 4392 ‘
2666 4379 2695 4390 ”
