3300 5234
752 484 931 551 5316

786 934 993 984 Sueten.

758 998 937 1048 Cos-c
938 1002 1062 1051 .4Ῑ

756 1063 872 1113 Liv.
875 1064 1027 1141 Epit.

751 1128 801 1177 A
838 1128 973 1193 piati.

757 1192 801 1242 P
820 1202 889 1243 ut.
911 1193 1029 1243 Dio.

756 1257 890 1309 rior.
923 1266 977 1309 ct

754 1418 837 1485 Ap
870 1420 968 1472 ian.

760 1485 838 1535 Vs
878 1520 895 1537 .

756 1914 876 1965 Dio.

757 2110 888 2162 Plor-

790 2192 991 2243 Sueton-

760 2258 889 2311 ΟΩ..
910 2263 995 2311 ⁸⁷0

760 2322 895 2374 ven.

790 2388 922 2438 Plin-

764 2458 966 2505 1111.ss-

760 2592 889 2645 Flor-

640 2758 646 2767 ⁶
763 2690 810 2739 A
844 2692 977 2755 pim.

822 2764 893 2807 ut.

760 2878 893 2929 Plin.
913 2894 963 2929 v.
986 2884 1031 2933 1.

766 2976 898 3027 Vell-

760 3275 975 3342 Appian-

796 3944 903 3995 Cic.
937 3943 1065 3993 Phil.

769 4009 1063 4060 v111.o.Dio.

1713 500 1786 549 Τ.
1837 500 2026 549 lell

1080 644 1195 703 bus
1230 642 1502 727 duplum,
1556 644 1806 705 tribunis
1852 645 2198 726 alarumque
2241 640 2532 725 prefectis
2569 638 2986 722 quadruplum.

1084 741 1269 809 Quod
1315 752 1513 803 autem
1560 736 1866 803 numerum
1903 762 2129 814 eorum,
2169 744 2270 823 qui
2305 740 2659 801 frumentum
2681 760 2718 799 e
2743 737 2989 819 publico

1084 839 1441 919 acciperent,
1483 859 1587 920 per
1632 839 1932 900 licentiam
1974 848 2322 921 temporum,
2349 845 2563 919 praeter
2601 834 2842 896 modum
2879 854 2990 896 ex-

1082 936 1335 999 crevisse
1380 946 1769 1019 compererat,
1811 956 2114 998 recensum
2133 940 2155 977 ¹
2183 956 2390 997 eorum
2425 935 2552 1013 egit
2583 934 2854 1004 vicatim,
2879 952 2992 993 nu-

1088 1051 1433 1114 merumque
1460 1033 1537 1093 de
1562 1033 1842 1095 trecentis
1882 1034 2096 1113 viginti
2128 1032 2394 1093 millibus
2423 1030 2503 1092 ad
2539 1040 2778 1092 centum
2797 1030 2993 1110 quin-

1082 1130 1373 1210 quaginta
1398 1130 1589 1190 millia
1612 1132 1884 1193 retraxit.

1162 1232 1262 1286 15.
1304 1227 1525 1288 Altera
1546 1225 1762 1288 deinde
1801 1227 2004 1288 laurus
2026 1226 2316 1307 AEgyptia
2349 1226 2491 1296 fuit,
2515 1225 2820 1303 ductaque
2855 1232 2992 1285 ante

1084 1344 1318 1384 currum
1358 1324 1641 1397 Arsinoe,
1675 1324 1978 1405 Nilusque
2018 1323 2363 1395 translatus,
2397 1333 2462 1384 et
2497 1322 2578 1383 ad
2613 1320 2995 1382 simulacrum

1086 1422 1307 1501 ignium
1366 1421 1579 1483 ardens
1640 1422 1900 1483 Pharus.
2000 1422 2266 1483 Achillae
2327 1441 2568 1503 quoque
2625 1430 2690 1480 et
2739 1419 2996 1481 Pothini

1084 1520 1335 1599 spectati
1358 1521 1577 1579 exitus.
1663 1518 1876 1599 Hujus
1897 1518 2176 1601 triumphi
2201 1527 2550 1600 apparatum
2575 1516 2704 1578 fieri
2731 1520 2996 1597 jusserat

1086 1637 1119 1676 e
1164 1616 1475 1678 testudine.
1562 1615 1944 1696 Singulorum
1993 1616 2152 1677 enim
2197 1617 2620 1698 triumphorum
2662 1612 2894 1675 fercula
2933 1622 2996 1675 et

1086 1714 1467 1774 instrumenta
1503 1713 1742 1775 diversa
1780 1735 1817 1774 e
1863 1716 2112 1775 materia
2157 1714 2373 1795 parari,
2415 1712 2496 1774 ad
2540 1713 2994 1773 ostentationem

1086 1808 1565 1889 magnificentiae,
1602 1822 1667 1871 et
1699 1811 2070 1892 voluptatem
2105 1811 2436 1882 oculorum,
2476 1810 2668 1871 visum
2707 1809 2998 1869 illustrius

1084 1907 1297 1969 fuerat.
1383 1908 1507 1969 Sed
1534 1908 1790 1971 Arsinoe
1815 1920 1950 1991 post
1987 1909 2366 1991 triumphum,
2407 1909 2468 1968 in
2510 1907 2760 1987 gratiam
2797 1907 2998 1968 frati-is

1084 2006 1439 2087 sororisque,
1466 2006 1709 2067 dimissa
1731 2016 1842 2068 est.

1167 2109 1268 2164 16.
1308 2103 1544 2164 Tertius
1566 2103 1643 2164 de
1680 2104 2001 2165 Pharnace
2037 2123 2240 2165 currus
2273 2102 2601 2164 Ponticum
2629 2100 2998 2183 triumphum

1086 2198 1333 2260 invexit.
1418 2199 1588 2261 Inter
1613 2203 1746 2281 ejus
1772 2220 2006 2283 pompm
2031 2199 2258 2261 fercula
2293 2200 2470 2261 trium
2495 2198 2811 2259 verborum
2851 2195 2997 2257 titu-

1086 2294 1209 2359 lum
1235 2298 1549 2379 praelatum
1574 2298 1762 2370 aiunt,
1792 2297 2014 2369 vam,
2043 2297 2247 2371 Vuu,
2275 2297 2468 2359 V1c1.
2553 2294 2766 2375 Hujus
2789 2295 2996 2355 trium-

1086 2394 1191 2476 phi
1231 2394 1345 2455 suit
1387 2406 1710 2478 apparatus
1735 2416 1816 2456 ex
1842 2396 2136 2478 AEgyptia
2157 2399 2352 2479 spina,
2379 2416 2515 2476 quae
2551 2396 2714 2455 circa
2749 2391 3000 2453 Thebas

1085 2492 1343 2554 maxime
1370 2493 1649 2554 nascitur.

1174 2596 1269 2654 17.
1314 2590 1614 2657 Quartum
1666 2610 1744 2651 ex
1797 2590 2016 2674 Africa
2063 2589 2422 2672 triumphum
2470 2588 2670 2660 duxit,
2719 2588 2800 2648 de
2862 2608 2999 2667 rege

1085 2685 1127 2746 J
1132 2687 1271 2759 uba,
1297 2688 1471 2767 cujus
1494 2696 1557 2747 et
1579 2687 1742 2748 filius
1775 2708 1920 2768 puer
1941 2687 2156 2749 ductus
2179 2695 2273 2747 est
2292 2686 2595 2747 fortunata
2625 2684 3000 2767 captivitate.

1088 2782 1334 2865 Quippe
1360 2783 1684 2845 liberaliter
1721 2784 2010 2845 educatus
2043 2783 2284 2855 Romae,
2319 2792 2384 2844 et
2415 2802 2655 2862 regnum
2695 2782 3002 2863 utriusque

1090 2878 1476 2967 Mauritania
1524 2882 1719 2941 tenuit
1768 2890 1996 2962 postea,
2048 2889 2112 2941 et
2171 2878 2404 2942 Graecis
2465 2879 2650 2941 literis
2709 2878 2999 2950 eruditus,

1088 2978 1525 3039 memorabilior
1558 2980 1742 3039 etiam
1775 2979 2050 3039 claritate
2089 2976 2416 3039 studiomm
2451 2997 2632 3058 quam
2670 2997 2852 3057 regno
2891 2976 3000 3037 ha-

1088 3073 1247 3134 bitus
1270 3083 1380 3135 est.
1465 3074 1679 3155 Hujus
1712 3076 1994 3156 triumphi
2029 3074 2259 3136 fercula
2287 3076 2644 3136 constabant
2677 3093 2757 3135 ex
2793 3074 3000 3143 ebore,

1088 3172 1263 3249 cujus
1286 3179 1348 3230 et
1372 3172 1603 3253 copiam
1630 3172 1840 3233 eadem
1864 3173 2118 3234 victoria
2138 3174 2703 3237 subministraverat.

1172 3275 1274 3330 18.
1322 3268 1608 3330 Diversus
1632 3270 1959 3331 animorum
1983 3271 2096 3332 sub
2119 3292 2223 3333 eos
2244 3272 2374 3334 dies
2397 3273 2638 3333 babitus
2661 3271 2798 3332 fuit.
2867 3269 2997 3331 Do-

1087 3362 1273 3423 lorem
1310 3365 1500 3424 multa
1534 3366 1904 3426 afferebant:
1947 3369 2272 3448 praesertim
2296 3368 2458 3449 quod
2491 3368 2570 3429 de
2601 3368 2832 3429 civibus
2865 3366 3000 3427 Ro-

1086 3461 1298 3533 manis,
1324 3462 1559 3522 etiamsi
1587 3461 1764 3523 titulo
1787 3463 2203 3535 abstineretur,
2230 3485 2293 3525 re
2317 3474 2382 3526 et
2403 3464 2566 3525 facto
2589 3464 2998 3546 triumphaba-

1087 3565 1203 3618 tur.
1290 3556 1578 3618 Omnium
1604 3561 1761 3620 enim
1789 3559 2134 3641 praeliorum'
2163 3560 2386 3621 tabuloe
2423 3561 2911 3642 praeferebantur,
2937 3568 3002 3619 et

1087 3652 1463 3715 illustrissimi
1486 3657 1775 3736 cujusque
1801 3658 2193 3717 noscebantur
2215 3658 2522 3737 imagines,
2557 3678 2680 3719 una
2717 3656 3002 3739 Pompeii

1086 3748 1279 3830 effigie
1302 3751 1531 3824 demta,
1558 3772 1742 3833 quam
1779 3754 2019 3814 invidiae
2057 3753 2429 3815 declinandae
2469 3754 2676 3815 Caesar
2703 3756 2998 3814 omiserat.

1089 3847 1213 3909 Sed
1266 3847 1540 3921 Catonis,
1594 3847 1915 3930 Scipionis,
1969 3861 2033 3912 et
2082 3851 2313 3913 Petreii
2363 3862 2634 3914 extrema
2680 3852 3002 3913 eliciebant

1088 3944 1421 4026 lacrymas:
1464 3965 1658 4027 neque
1685 3944 1933 4007 Gallico
1967 3948 2266 4031 triumpho
2303 3948 2428 4009 lata
2465 3948 2768 4023 Massilia,
2807 3966 2998 4029 neque

1088 4158 1095 4172 .
1150 4125 1467 4215 ram-nm]
1484 4128 1718 4179 ‘’Cenaua
1733 4129 1822 4179 et‘
1829 4143 2006 4181 recen·
2077 4130 2287 4183 brevis
2273 4146 2326 4181 ιιι
2349 4146 2440 4182 ecs
2499 4148 2548 4182 ι
2554 4146 2678 4197 Jure
2699 4138 2791 4183 ant
2812 4132 2998 4209 injuria

1085 4192 1190 4240 sus’
1210 4190 1477 4244 differunt.
1514 4195 1716 4245 Genaua
1735 4210 2006 4249 numerum
2076 4196 2360 4261 capiebant
2397 4212 2430 4246 e
2496 4204 2735 4247 ramento
2807 4196 2910 4247 ubl
2898 4210 2996 4245 co

1088 4257 1252 4307 inibat
1274 4260 1502 4309 omnium
1539 4261 1751 4310 omnino
1779 4262 2005 4311 civium.
2075 4262 2163 4311 Ita
2183 4260 2298 4313 fere
2319 4263 2570 4327 Bernegg
2571 4278 2664 4311 eru
2667 4278 2756 4312 aa
2816 4264 2996 4311 Sueto-

1048 4344 1053 4351 ·
1088 4335 1337 4372 recensus
1352 4330 1527 4374 antem
1544 4325 1671 4375 hica
1691 4326 1900 4376 Caesare
1920 4341 2006 4375 ac·
2077 4327 2238 4377 nium.
2271 4327 2392 4376 vid.
2413 4336 2470 4377 et
2495 4328 2682 4377 Rnaldi
2718 4326 2996 4379 Animadv-

1088 4396 1190 4445 tua,
1213 4402 1433 4439 examen
1463 4399 1579 4441 erat
1616 4397 1675 4449 et
1711 4389 2008 4457 disquisitio
2077 4396 2159 4443 24.
2183 4393 2238 4443 in
2259 4392 2408 4443 Pint.
2445 4394 2592 4443 Cres.
