3300 5234
59 4800 69 4891 -Ἴ
59 4762 61 4793 ,-.,

882 491 1093 543 nissi
1146 490 1299 544 cvr.
1340 490 1994 563 surranum-run.
2363 476 2590 553 608⁰*

301 640 647 715 umectum
668 632 955 697 habetote
1040 633 1274 695 Milites
1310 635 1493 695 etiarn
1526 635 1754 701 itineris
1781 636 2056 697 molestia
2079 654 2218 715 grc-

308 736 474 789 vatus
514 729 896 803 sublevabat,
933 731 1111 792 simul
1138 730 1319 811 quasi
1360 752 1465 813 per
1496 734 1707 812 jocum
1751 732 2045 805 deridens,
2087 740 2220 792 tan-

307 842 485 905 qum
532 828 824 898 homines,
866 828 1084 887 assueti
1132 828 1415 887 mollibus
1463 828 1817 910 Campaniae
1862 828 2216 897 diversoriis,

306 922 547 983 easdem
580 924 833 997 delicias
872 924 934 983 in
973 922 1193 990 finibus
1223 923 1611 1005 Assyriorum
1637 925 2034 1007 Arabumque
2061 924 2218 985 desi-

306 1018 608 1083 dera-ent.
675 1019 801 1083 Sed
830 1030 1147 1103 postquam
1168 1022 1248 1083 ad
1268 1024 1523 1083 exitium
1551 1022 1752 1085 Crassi
1776 1024 1974 1085 omnia
1993 1032 2220 1084 mature

304 1125 447 1177 nint
468 1118 777 1199 disposita,
806 1140 943 1179 nam
968 1119 1257 1198 Abgarus
1276 1140 1381 1200 per
1400 1120 1660 1201 speciem
1679 1119 2036 1201 explorandi
2059 1138 2218 1201 saepe
2243 1134 2363 1187 Dio.

304 1232 447 1275 cum
476 1213 706 1276 Surena
726 1216 1239 1295 congrediebatur,
1268 1216 1485 1277 Crasso
1511 1217 1776 1278 Parthos
1801 1218 1863 1277 in
1887 1216 2218 1298 propinquo

308 1330 439 1373 esse
480 1330 617 1371 eum
656 1312 905 1373 modicis
948 1313 1137 1393 copiis
1176 1314 1487 1394 persuasit,
1527 1334 1714 1395 seque
1754 1314 1840 1376 ire
1882 1322 1952 1373 ut
1990 1311 2218 1393 aliquid
2242 1324 2375 1375 Plut.

310 1405 456 1488 ipsis
484 1427 656 1468 mxae
681 1415 745 1469 et
770 1411 1226 1489 perturbationis
1251 1409 1511 1471 inferret.

390 1509 499 1564 ³8.
534 1504 635 1565 Eo
658 1503 757 1565 die
794 1505 1027 1586 pullum
1070 1504 1554 1587 paludamentum
1588 1506 1798 1567 datum
1835 1525 1964 1567 esse
2003 1504 2222 1567 Crasso

306 1598 569 1674 tradunt,
598 1622 737 1663 cum
754 1604 957 1664 album
978 1612 1083 1663 aut
1106 1624 1461 1685 purpureum
1489 1605 1549 1664 in
1568 1603 1841 1684 praelium
1865 1603 2222 1665 exeuntibus
2275 1606 2389 1660 val.
2407 1606 2546 1657 Max.

306 1695 443 1758 dari
468 1698 703 1761 soleret.
773 1697 899 1761 Sed
924 1700 985 1761 id
1012 1702 1265 1762 mutavit
1290 1699 1563 1773 Crassus,
1600 1700 1962 1781 irridensque
1989 1720 2094 1761 eos
2115 1700 2218 1780 qui
2243 1677 2378 1788 {3¹32-

303 1794 485 1873 signa
524 1795 784 1857 mnvelli
828 1797 935 1857 vix
979 1817 1149 1879 posse
1194 1798 1571 1869 nuntiabant,
1612 1817 1751 1857 cum
1797 1814 2014 1877 magna
2055 1796 2222 1857 festi-

308 1892 555 1953 natione
598 1894 900 1974 processit.
1001 1893 1405 1955 Occurrerunt
1444 1895 1529 1955 ibi
1574 1894 1752 1976 pauci
1801 1895 2223 1977 speculatores,

304 1990 657 2070 occisosque
681 1990 916 2077 sodales
938 2010 1101 2063 suos,
1126 1991 1385 2052 hostiurn
1411 1991 1759 2052 immensam
1784 1990 2226 2051 multitudinem

308 2084 525 2147 adesse
556 2072 903 2149 retulerunt.
987 2087 1093 2149 Ibi
1120 2087 1369 2149 Crassus
1402 2088 1682 2148 instruxit
1697 2126 1702 2135 ·
1719 2088 1931 2159 aciem,
1974 2087 2228 2169 primum
2270 2126 2278 2137 ·

306 2200 387 2241 ex
430 2182 631 2245 Canii
670 2185 919 2247 consilio
954 2185 1281 2267 productis,
1320 2206 1395 2245 ne
1440 2184 2030 2257 circumvenirentur,
2063 2184 2226 2245 ordi-

300 2278 519 2341 nibus:
560 2280 777 2343 deinde
810 2282 1066 2345 mutavit
1098 2268 1517 2362 contraxitque
1556 2282 1619 2341 in
1657 2280 2042 2363 quadratum,
2073 2280 2224 2341 dno-

304 2373 483 2437 denis
524 2376 606 2437 ad
638 2378 1105 2459 unumquodque
1142 2379 1301 2439 latus
1329 2377 1639 2439 collocatis
1667 2377 2028 2439 cohortibus.
2111 2376 2228 2437 Le-

306 2473 517 2551 giones
550 2476 711 2537 enim
748 2476 1060 2538 Romanas
1090 2484 1343 2557 septem,
1382 2496 1577 2557 neque
1604 2475 1914 2555 pauciores
1935 2474 2228 2535 sociorum
2337 2512 2344 2519 ·

303 2572 586 2633 cohortes
614 2573 897 2645 habebat,
939 2573 1207 2653 equitum
1232 2580 1297 2633 et
1324 2572 1473 2633 levis
1497 2580 1812 2632 armaturae
1833 2569 1912 2631 ad
1937 2580 2230 2651 quaterna

302 2670 541 2733 millia:
569 2690 705 2751 quae
722 2670 937 2753 etipsa
958 2670 1285 2742 distribuit,
1312 2678 1383 2730 ut
1398 2666 1647 2749 singulis
1666 2669 2010 2729 cohortibus
2033 2667 2230 2749 gravis

304 2770 629 2829 armaturae
654 2766 813 2828 alam
838 2767 1108 2847 equitum
1132 2766 1399 2829 adderet.

386 2871 497 2926 ³9.
541 2862 703 2925 Cum
732 2863 825 2927 ita
846 2864 1123 2927 ordinata
1154 2864 1311 2936 acie,
1346 2861 1589 2924 Cassius
1614 2862 1868 2924 alterum
1892 2880 2104 2933 cornu,
2137 2858 2230 2921 al—

307 2968 505 3021 terum
534 2959 622 3020 P.
651 2958 903 3021 Crassus
943 2959 1315 3043 imperatoris
1350 2959 1533 3033 filius,
1572 2960 1895 3041 imperator
1934 2958 2061 3039 ipse
2103 2976 2228 3017 me-

304 3056 477 3119 dium
502 3078 717 3137 agmen
737 3056 1019 3129 duceret3
1050 3058 1131 3120 ad
1152 3058 1453 3121 modicum
1477 3056 1722 3131 flumen,
1749 3056 1990 3123 Balisso
2015 3075 2230 3117 nomen

306 3164 465 3227 erat,
504 3164 873 3236 perventum.
957 3155 1061 3216 Ibi
1086 3156 1301 3237 raptim
1340 3176 1417 3217 ex
1449 3156 1551 3217 siti
1588 3162 1886 3215 recreatus
1909 3153 2228 3225 exercitus,

306 3250 637 3313 festinante
675 3251 914 3323 Crasso,
958 3253 1017 3313 in
1060 3261 1442 3333 conspectum
1481 3252 1741 3313 hostium
1779 3270 1999 3329 magno
2043 3250 2228 3329 gradu

310 3348 613 3409 adductus
645 3357 755 3409 est.
838 3348 975 3421 Illi,
1000 3350 1269 3411 maxima
1292 3349 1597 3429 copiarum
1622 3356 1794 3429 parts
1821 3355 1957 3429 post
1979 3347 2231 3429 primam

310 3446 504 3507 aciem
530 3445 881 3507 abscondita
899 3448 991 3524 (et
1012 3456 1142 3507 erat
1162 3447 1330 3509 locus
1352 3445 1686 3527 inaequalis,
1711 3445 1982 3525 tegendis
2001 3443 2232 3505 insidi‘n
2255 3460 2376 3513 Dio.

312 3542 597 3603 arborum
644 3544 887 3621 objectu
938 3546 1139 3624 aptus)
1193 3564 1389 3624 neque
1455 3564 1702 3605 numero
1767 3542 2228 3614 formidabilem,
2254 3558 2390 3611 Pius.

314 3658 513 3719 neque
566 3641 786 3720 specie,
852 3660 1092 3701 manum
1142 3641 1539 3720 objeceruntz
1606 3659 1748 3701 nam
1797 3658 1878 3701 ex
1929 3647 2234 3721 praecepto

310 3734 569 3797 Surenae
612 3735 921 3797 rutilantia
970 3758 1137 3797 arma
1160 3736 1448 3825 ,pellibus
1490 3746 1559 3799 et
1600 3738 1822 3800 tunicis
1859 3738 2231 3799 obtexerant.

316 3828 441 3895 Sed
476 3831 851 3895 dissimulata
887 3834 1164 3915 primum,
1198 3834 1417 3896 deinde
1456 3835 1658 3897 subito
1681 3842 1915 3895 ostensa
1937 3834 2236 3895 exercitus
2301 3906 2311 3915 μ

314 3946 732 4008 armorumque
759 3927 941 3991 moles
966 3930 1251 4009 majorem
1274 3950 1355 3993 ex
1386 3932 1706 4011 inproviso
1723 3938 2006 3993 terrorem
2030 3928 2236 4009 injecit

316 4022 639 4086 Romanis.

390 4128 497 4184 40.
542 4120 687 4181 Jam
710 4124 970 4203 primum
994 4123 1259 4185 horribili
1286 4125 1531 4206 strepitu
1558 4134 1698 4186 sunt
1721 4123 2008 4197 exterriti.
2091 4120 2234 4183 Nec

314 4217 473 4277 enim
512 4217 677 4279 tubis
712 4228 819 4279 aut
850 4219 1131 4281 cornibus
1170 4241 1431 4305 pugnam
1472 4222 1808 4283 accendunt
1843 4218 2088 4290 Parthi,
2125 4217 2234 4279 sed
2257 4224 2561 4275 Justxus.

314 4322 607 4396 tympana
626 4316 805 4379 simul
828 4316 1029 4379 multis
1052 4316 1202 4381 locis
1227 4318 1564 4401 pulsantes,
1597 4318 1762 4382 velut
1786 4317 2016 4383 ululatu
2038 4314 2234 4379 bellu·
2256 4289 2392 4343 PM·
