3300 5234
900 606 1107 657 ιιιιιιι
1154 608 1319 661 mx·
1364 608 2018 661 surrnnnnurun.
2387 596 2569 667 5165

330 750 737 832 relinquendae
759 760 1039 833 ceperat;
1083 772 1205 814 una
1228 751 1305 815 de
1330 774 1393 815 re
1426 751 1714 827 solicitus,
1739 752 2238 835 quemadmodum

332 858 463 909 tuto
484 846 841 921 discederet,
858 858 1061 931 portas
1084 852 1357 923 obstruit,
1376 860 1724 933 partemque
1749 852 1977 911 viarum
1999 850 2238 932 parieti·
2261 863 2322 912 ΡΙ
2327 872 2396 913 u.t
2397 862 2570 929 Pomp.

330 946 441 1005 bus
471 944 821 1017 inaedificat,
852 945 986 1007 aliis
1015 945 1203 1009 fossas
1231 957 1593 1009 transversas
1607 953 1631 988 ⁷
1675 947 1988 1029 praeducit,
2022 968 2316 1043 easqueD
2265 930 2358 978 Fro
2265 994 2387 1044 Dio
2359 940 2478 979 ¹²¹⁸·

326 1042 635 1123 stipitibus
672 1044 988 1125 praeacutis
1021 1042 1235 1125 replet,
1264 1046 1527 1106 cratibus
1552 1047 1850 1156 humoque
1875 1052 2118 1125 aggesta
2151 1044 2240 1103 in·
2265 1059 2307 1107 L
2311 1074 2452 1109 ιι.οιιι
2483 1072 2549 1109 ι.ι

332 1139 517 1200 sidia-s
558 1150 783 1225 tegens.
866 1140 1097 1203 Aditus
1138 1150 1339 1203 autem
1384 1141 1539 1203 duos
1572 1143 1716 1224 qui
1711 1151 1883 1203 extra
1927 1162 2124 1205 muros
2164 1140 2243 1203 ad
2267 1126 2404 1238 ξῗῖ

332 1248 573 1318 portum
625 1237 945 1311 ducebant,
1012 1240 1291 1301 maximis
1342 1240 1812 1325 acutissimisque
1855 1240 2126 1301 trabibus
2185 1240 2246 1299 in

330 1336 583 1397 densum
621 1335 893 1397 ordinem
940 1337 1181 1401 structis
1228 1337 1481 1419 obsepit.
1567 1336 1978 1409 Brundisinos‚
2027 1338 2246 1418 quibus

334 1452 549 1515 parum
578 1432 941 1505 confidebat,
966 1434 1131 1497 domi
1152 1456 1219 1497 se
1242 1436 1542 1497 continere
1557 1436 1760 1516 jubet.

412 1536 517 1595 73.
562 1529 689 1603 His
738 1532 981 1613 paratis,
1026 1532 1245 1593 milites
1284 1532 1525 1595 silentio
1558 1532 1968 1595 conscendunt
2007 1551 2242 1593 naves.
2268 1528 2404 1593 Appi
2405 1544 2485 1579 ⁸²¹·

328 1638 461 1689 tum
484 1628 777 1715 expediti,
804 1650 955 1739 quos
976 1649 1054 1691 ex
1080 1631 1347 1693 evocatis
1378 1632 1814 1711 sagittariisque
1839 1638 2022 1711 atque
2046 1628 2243 1691 fundi-
2267 1594 2400 1711 ἓξὲξ·
2389 1594 2527 1643 ,afro
2530 1601 2569 1643 ι’

330 1726 583 1797 toribus,
610 1726 688 1787 ad
712 1727 971 1809 speciem
1008 1727 1332 1790 retinendae
1360 1729 1575 1789 urbis
1559 1749 1619 1789 in
1646 1748 1818 1788 muro
1851 1726 2242 1808 disposuerat,

330 1832 497 1885 certo
522 1824 690 1901 signo
712 1832 1103 1885 revocantur.
1144 1824 1371 1886 relictis
1394 1825 1674 1887 actuariis
1697 1824 1970 1895 navibus,
2007 1824 2244 1905 quibus,
2302 1824 2394 1874 Plu
2396 1830 2482 1875 t.··
2453 1830 2508 1872 ‘t

334 1940 443 2003 per
484 1920 699 1981 itinera
726 1929 871 1981 nota
894 1920 1165 1999 digreoei,
1190 1942 1329 1983 suos
1354 1930 1820 2002 assequerentur.
1907 1919 2072 1982 Dum
2117 1921 2247 1981 haec
2271 1889 2398 1940 Cos.

330 2025 637 2095 geruntur,
665 2017 1014 2081 Brundisini
1052 2039 1131 2081 ex
1168 2020 1345 2081 tectis
1382 2018 1810 2101 profectionem
1836 2018 2246 2100 Pompeiano-

332 2132 465 2173 rum
516 2123 663 2175 nutu
706 2112 1143 2195 significabant.
1228 2114 1395 2196 Ergo
1428 2114 1780 2186 Caesariani,
1819 2115 2000 2177 scalis
2040 2114 2248 2197 positis

332 2228 535 2271 muros
561 2212 921 2291 trangressi,
944 2213 1007 2272 in
1031 2212 1221 2273 fossas
1242 2220 1308 2274 et
1322 2211 1497 2273 sudes
1526 2210 1888 2283 incidissent,
1909 2212 2022 2271 nisi
2039 2212 2247 2273 moniti

332 2305 415 2365 ab
448 2306 785 2389 oppidanis,
812 2318 877 2370 et
900 2307 1079 2388 longo
1106 2310 1311 2371 itinere
1342 2308 1729 2371 circumducti
1761 2306 1840 2369 ad
1886 2318 2118 2419 portum
2153 2308 2244 2369 fo·
2269 2320 2338 2371 Di
2339 2335 2386 2367 ο.

336 2410 488 2463 reut.
578 2403 681 2465 Ibi
720 2403 873 2466 duas
896 2404 1095 2466 adhuc
1120 2426 1325 2477 naves,
1362 2426 1501 2467 cum
1535 2404 1826 2465 militibus
1858 2406 1962 2485 qui
1993 2406 2244 2478 inerant,
2271 2388 2362 2436 ¹³¹²
2363 2392 2402 2434 ‘⁰
2423 2384 2551 2438 0⁰⁸·

336 2498 413 2558 ad
438 2498 657 2561 molem
686 2500 944 2562 Caesaris
966 2502 1280 2573 haerentes,
1310 2501 1584 2563 lintribus
1616 2501 1970 2583 scaphisque
1994 2501 2246 2562 circum·
2271 2498 2455 2551 Lucan.

332 2607 657 2668 venerunt:
700 2600 1049 2679 injectisque
1074 2598 1280 2661 ferreis
1313 2598 1587 2659 manibus
1618 2605 1989 2659 retraxerunt
2028 2596 2107 2659 ad
2143 2597 2245 2659 lit·

336 2700 455 2767 tus,
482 2697 950 2776 repugnantibus
973 2695 1206 2776 aliquot
1230 2695 1569 2757 interfectis.

415 2797 519 2856 74.
562 2791 667 2854 Sic
690 2792 979 2875 expulsus
1016 2792 1205 2855 Italia
1240 2792 1593 2875 Pompeius,
1620 2812 1740 2855 non
1767 2792 1943 2855 modo
1967 2792 2242 2874 rempub-
2267 2790 2380 2869 Liv·
2397 2790 2532 2859 Epic.

334 2888 543 2962 licam,
569 2889 674 2952 sed
699 2909 935 2952 omnem
961 2888 1211 2969 gloriam
1236 2909 1427 2962 suam,
1462 2909 1698 2950 omnem
1736 2890 2012 2952 virtutem
2043 2888 2242 2971 perdi·
2267 2856 2486 2973 {zm
2509 2938 2573 2974 „-

331 2984 511 3059 ἀίει,
552 2986 863 3067 factusque
892 2985 1073 3067 plane
1108 2985 1261 3047 alius
1298 3006 1425 3047 esse
1459 2985 1798 3060 videbatur,
1833 2986 2084 3067 pristina
2115 2986 2246 3063 ejus
2268 2990 2387 3036 ⁷8⁰·

328 3082 499 3145 facta
522 3102 659 3145 cum
686 3085 801 3145 boc
824 3084 1049 3145 recenti
1072 3084 1571 3195 comparantibus.
1660 3082 1914 3155 Urbem,
1933 3104 2114 3164 quam
2137 3082 2244 3144 de·
2270 3051 2486 3165 Δῖῗω
2433 3051 2496 3100 ad
2489 3120 2570 3169 7

331 3181 498 3243 feudi
540 3183 726 3243 totius
752 3182 983 3291 imperii
1016 3181 1287 3263 periculo
1310 3182 1537 3262 aequius
1559 3189 1712 3251 erat,
1740 3179 2076 3242 adversario
2105 3180 2242 3241 reli-
2300 3179 2390 3229 cic
2393 3180 2488 3229 ..d

331 3286 569 3361 querat,
594 3278 849 3360 pecunia
872 3276 1171 3350 refertam,
1196 3276 1469 3361 prandio
1491 3296 1784 3346 vacuamz
1828 3276 2246 3339 Themistoclis
2267 3242 2498 3359 'Manu
2407 3314 2458 3359 3,

334 3397 477 3437 usus
514 3374 790 3446 consilio,
834 3393 971 3435 cum
1018 3382 1287 3455 tempora
1327 3370 1634 3435 Periclem
1679 3373 1868 3452 magis
1914 3384 2240 3455 poscerent.
2301 3374 2408 3423 cie.
2425 3374 2488 3423 *ἃ

334 3472 525 3533 Nunc
546 3472 731 3533 etiam
757 3468 1025 3543 Italiam,
1051 3469 1306 3531 sedem*
1288 3470 1546 3552 imperii,
1572 3470 1748 3529 robur
1779 3478 1843 3529 et
1863 3470 2242 3531 seminarium
2267 3437 2432 3491 '¹⁸²³'
2439 3443 2574 3491 ¹¹⁸¹⁴

334 3566 635 3631 Romanae
659 3567 913 3641 militiae,
951 3566 1301 3629 deserebat.
1344 3586 1423 3627 ex
1461 3564 1673 3627 eodem
1696 3574 1872 3647 portu
1897 3564 2158 3645 legiones
2181 3576 2246 3627 et
2267 3550 2384 3602 ¹3³⁰·

336 3686 506 3749 opes,
532 3685 687 3747 quas
710 3672 967 3746 poterat,
994 3664 1273 3736 avehens,
1298 3671 1507 3725 contra
1531 3663 1696 3726 cives
1719 3682 1950 3734 usurus,
1981 3664 2041 3722 in
2067 3662 2242 3743 quein

334 3762 481 3824 olim
512 3762 823 3844 captivum
848 3779 1057 3821 aurum
1080 3768 1146 3821 et
1166 3760 1408 3821 orientis
1448 3760 1641 3841 spolia
1669 3758 2110 3841 locupletandae
2135 3779 2242 3840 pa·

330 3861 461 3921 triae
498 3860 848 3927 invexerat;
889 3856 1145 3918 dimissis
1180 3855 1393 3917 eodem
1422 3854 1559 3917 loco
1595 3854 1907 3927 militibus,
1943 3864 2012 3915 ut
2032 3856 2240 3915 timere

330 3958 489 4017 cives
512 3956 608 4017 sui
632 3954 987 4015 desinerent.
1070 3952 1161 4014 Et
1184 3954 1289 4033 qui
1318 3962 1497 4015 antea
1518 3952 1904 4013 barbarorum
1929 3953 2240 4013 immensas

334 4052 599 4131 regiones
625 4049 845 4136 populo
872 4048 1153 4111 Romano
1186 4042 1543 4129 subjecerat,
1568 4048 1620 4108 is
1645 4068 1802 4109 nunc
1837 4048 1966 4109 ibat
1999 4046 2237 4109 illorum
2295 4118 2476 4169 Luem
2499 4132 2566 4169 u

333 4149 536 4230 copias
558 4147 847 4219 excitum,
874 4154 943 4207 ut
970 4144 1215 4207 Italiam
1240 4154 1305 4205 et
1328 4144 1603 4205 Romam
1614 4152 1880 4205 vastaret
1903 4153 2082 4225 atque
2103 4166 2235 4226 pre-
2261 4187 2397 4237 ⁶3,

398 4316 431 4366 '1
466 4313 749 4365 Parietibus
771 4313 884 4363 aliis
904 4310 1187 4377 (acdificat,
1204 4310 1464 4373 suescunt
1485 4311 1771 4362 monui·
1790 4309 1912 4360 edd.
1936 4318 2060 4361 ante
2084 4310 2237 4361 (ἔην.

324 4388 555 4497 {tad-⁰¹
588 4380 655 4429 aa
684 4386 875 4444 prun
914 4392 1013 4444 pro
1044 4380 1109 4428 sd
1144 4383 1359 4443 portam,
1391 4390 1457 4429 ex
1492 4378 1631 4429 Cas.
1661 4374 2014 4441 emendatum,
2043 4374 2238 4429 habeut
