3300 5234
748 521 929 594 5120

1707 533 1778 594 τ.
1827 533 2022 593 mvn

1078 686 1285 765 viginti
1324 685 1664 747 cohortibus
1699 667 1974 747 occuitus
2009 683 2222 747 eodem
2259 683 2398 746 1000
2425 683 2720 748 &nb-stin
2761 690 2994 750 aetem

1077 785 1285 864 copias
1318 803 1457 844 cum
1496 781 1953 864 impedimentis,
1988 781 2485 863 quemadmodum
2527 785 2824 864 prioribus
2857 785 2991 846 die·

1080 879 1192 940 bus
1214 881 1488 940 omnibus
1510 879 1710 940 facere
1735 869 2156 948 consueverat,
2170 878 2416 940 dimisit.
2485 879 2720 942 Hostes
2737 882 2992 942 movisse

1080 995 1214 1036 cum
1241 985 1369 1036 toto
1392 976 1656 1036 exercitu
1687 973 1986 1035 Caesarem
2019 975 2309 1048 arbitrati,
2347 995 2456 1036 suo
2481 995 2638 1036 more
2673 977 2992 1058 insequun-

1082 1079 1197 1132 tur.
1284 1072 1378 1133 Ut
1416 1073 1576 1132 enim
1615 1071 1876 1144 falleret,
1921 1091 2036 1131 non
2083 1079 2240 1132 totas
2285 1071 2567 1151 legiones,
2606 1071 2719 1132 sed·
2749 1081 2998 1153 quartus

1083 1190 1349 1251 quasque
1366 1169 1640 1230 cohortes
1665 1170 2025 1230 retinuerat:
2069 1168 2158 1230 ita
2193 1169 2507 1230 constabat
2544 1169 2844 1248 legionum
2881 1189 2994 1230 nu·-

1084 1287 1313 1336 merus3
1358 1275 1423 1328 et
1456 1265 1716 1327 diductis
1751 1265 2056 1326 ordinibus
2089 1267 2318 1347 species
2354 1266 2564 1347 prioris
2599 1264 2997 1326 multitudinis

1086 1384 1203 1426 non
1256 1381 1411 1443 aegre
1466 1361 1852 1428 efficiebatur.
1938 1361 2044 1424 Ita
2100 1362 2330 1434 Coesar,
2379 1362 2660 1442 digressis
2702 1362 2996 1434 hostibus,

1086 1462 1373 1522 subitario
1421 1481 1599 1542 opere
1642 1470 1888 1542 pontem
1933 1459 2168 1532 refecit,
2213 1459 2550 1541 militesque
2595 1458 2940 1520 transduxit
2974 1477 2996 1530 ς

1087 1557 1415 1638 eademque
1442 1567 1615 1618 nocte
1640 1577 1976 1639 progressas
2001 1557 2262 1636 reliquas
2283 1557 2492 1637 copias
2513 1556 2836 1617 revocavit.

1170 1660 1273 1715 61.
1316 1653 1563 1721 Quintis
1584 1652 1802 1714 deinde
1839 1654 2052 1714 castris
2073 1652 2152 1713 ud
2181 1650 2546 1730 Gergoviam
2571 1659 2854 1713 ventum:
2895 1669 3002 1712 eo-

1086 1751 1347 1831 demque
1372 1751 1573 1812 statim
1598 1769 1736 1810 cum
1762 1749 2037 1811 omnibus
2059 1749 2248 1829 copiis
2273 1747 2772 1826 Vercingentorix
2797 1764 3004 1808 ncces-

1090 1849 1187 1909 sit.
1274 1847 1432 1908 Cum
1456 1847 1555 1907 hic
1579 1846 1847 1907 locorum
1881 1847 2026 1906 situs
2053 1854 2230 1918 esset,
2263 1853 2332 1904 ut
2360 1845 2418 1904 in
2448 1843 2632 1925 plano
2653 1853 2854 1906 castra
2875 1862 3002 1906 me·-

1091 1954 1285 2005 tatum
1312 1943 1611 2004 Caesarem
1636 1962 1718 2003 ex
1743 1942 2144 2025 superioribus
2180 1942 2332 2002 locis
2369 1941 2542 2002 Galli
2569 1940 2886 2024 plurimum
2911 1941 3008 2002 in—

1094 2041 1333 2114 festare,
1358 2041 1565 2102 Coesar
1589 2041 1850 2102 vicissim
1891 2059 2104 2101 nocere
2141 2041 2216 2100 iis
2245 2039 2394 2100 nihil
2431 2049 2629 2120 ponet
2648 2059 2680 2109 3·
2709 2038 2928 2099 collem
2967 2059 3008 2100 e

992 2200 1000 2209 ,
1094 2139 1331 2218 regione
1364 2139 1525 2199 urbis
1556 2139 1756 2209 situm,
1793 2145 1973 2198 noctu
1997 2135 2236 2216 dejecto
2272 2135 2548 2217 praesidio
2573 2134 3011 2206 Arvernorum,

1096 2236 1437 2316 occupavit,
1466 2234 1621 2296 unde
1650 2234 1730 2295 ud
1754 2243 1958 2294 cetera
1997 2253 2234 2314 quoque
2269 2230 2538 2303 castella,
2565 2231 2888 2312 urbemque
2913 2232 3006 2312 ip-

1097 2351 1225 2392 sam
1250 2331 1477 2393 aditum
1517 2339 1776 2413 pararet.
1859 2329 1983 2392 Sed
2021 2349 2160 2390 eum
2193 2330 2272 2390 ab
2309 2329 2424 2390 hoc
2458 2337 2703 2401 conatu,
2725 2329 3011 2390 solicitati

1100 2449 1141 2490 a
1166 2427 1698 2508 Vercingentorige
1723 2427 1908 2489 AEdui
1935 2428 2371 2488 absmxerunt.

1180 2531 1284 2586 62.
1326 2524 1649 2585 Auxilium
1667 2525 1745 2585 ab
1771 2525 1862 2584 his
1880 2523 2284 2607 postulaverat
2309 2522 2535 2595 caesar,
2563 2522 2771 2584 decem
2794 2521 3012 2586 miliisa

1105 2622 1229 2682 His
1254 2631 1321 2682 ut
1345 2621 1742 2704 proeficeretur
1781 2622 1928 2702 ipse,
1962 2621 2286 2701 fratresque
2313 2621 2444 2700 ejus
2467 2641 2606 2681 cum
2633 2621 2767 2682 aliis
2792 2605 3013 2702 princi·

1104 2722 1279 2802 pibus
1310 2718 1389 2779 nd
1432 2719 1738 2780 Caesarem
1775 2719 2290 2800 praemitterentur,
2331 2717 2642 2778 Litavicus
2673 2727 3012 2790 curaverat,

1106 2815 1513 2878 Arvernorum
1538 2823 1740 2896 partes
1777 2815 1974 2875 animo
2007 2815 2423 2896 propositoque
2449 2813 2780 2894 amplexus.
2865 2813 3012 2874 Hu-

1094 2915 1201 2993 jus
1226 2919 1383 2982 astu,
1413 2911 1524 2971 iter
1550 2908 1794 2970 facienti
1821 2911 2108 2972 exercitui
2135 2909 2406 2992 quidam,
2422 2909 2592 2970 velut
2615 2910 2852 2972 evitatis
2878 2909 3012 2970 Ro-

1104 3029 1413 3069 manorum
1454 3007 1706 3078 insidiis,
1747 3017 2096 3078 occurrunt3
2143 3007 2442 3088 principes
2483 3027 2624 3066 suos
2671 3005 3016 3068 interfectos

1104 3105 1367 3164 Caesaris
1380 3106 1555 3184 jussu
1580 3105 1888 3165 nuntiant:
1932 3105 2058 3186 ipse
2098 3104 2550 3165 convenientem
2575 3102 2772 3164 fraudi
2795 3104 3014 3164 oratio-

1106 3220 1245 3260 nem
1272 3201 1473 3262 habet.
1557 3200 1662 3260 Ita
1683 3200 1964 3262 concitati
1989 3199 2226 3271 milites,
2243 3200 2524 3261 continuo
2541 3199 2706 3262 cives
2727 3199 3016 3280 quosdam

1110 3295 1449 3370 Romanos,
1492 3297 1596 3378 qui
1626 3317 1750 3358 una
1783 3296 2084 3357 faciebant
2125 3297 2257 3367 iter,
2291 3293 2688 3356 interficiunt:
2731 3316 2852 3356 rem
2881 3315 3016 3356 eam

1106 3393 1365 3454 dimissis
1388 3401 1517 3454 tota
1538 3393 1780 3454 civitate
1805 3391 2132 3452 AEduorum
2168 3391 2391 3453 nuntiis
2435 3391 2738 3453 Litavicus
2763 3391 2970 3472 vulgat
2997 3411 3016 3452 ι

1005 3559 1025 3572 ⁸
1110 3489 1487 3550 mendacium
1508 3488 1585 3549 de
1606 3488 1972 3570 principibus
1995 3488 2204 3550 occisis
2227 3489 2482 3569 repetit:
2506 3488 2777 3548 hortatur
2801 3497 2868 3548 ut
2883 3489 3018 3550 viu-

1106 3588 1339 3649 dictam
1372 3588 1620 3669 quisque
1662 3587 1778 3647 hoc
1815 3586 2096 3668 exemplo
2129 3594 2350 3658 sumat,
2375 3585 2540 3666 quod
2565 3587 2870 3647 exercitus
2882 3588 3020 3666 jam

1110 3684 1414 3745 edidisset.

1191 3787 1294 3841 63.
1324 3779 1488 3840 Haec
1512 3777 1617 3839 ubi
1642 3777 1841 3840 media
1863 3775 1986 3839 fere
2013 3786 2185 3840 nocte
2213 3775 2608 3860 Eporedorix,
2629 3798 2809 3859 quem
2835 3779 3022 3840 inter-

1112 3877 1333 3938 fectum
1378 3877 1686 3939 Litavicus
1728 3875 2008 3948 finxerat,
2055 3877 2136 3937 sd
2164 3875 2464 3939 Cresarem
2502 3874 2812 3937 detulisset
2819 3897 2840 3948 ;
2883 3897 3022 3958 per-

1113 3983 1311 4035 motus
1354 3973 1758 4053 magnitudine
1799 3973 1886 4034 rei
1925 3974 2130 4034 statim
2175 3973 2440 4053 legiones
2477 3981 2732 4053 quatuor
2756 3993 3022 4035 omnem·-

1114 4093 1233 4153 que
1278 4070 1609 4152 equitatum
1659 4069 1892 4143 eduxit,
1943 4078 2014 4130 ut
2063 4069 2279 4130 AEduis
2318 4070 2378 4130 in
2421 4070 2629 4130 itinere
2671 4081 3022 4132 occurreret.

1120 4169 1251 4228 Ubi
1290 4168 1350 4226 in
1384 4177 1764 4249 conspectum
1803 4174 2112 4238 venerunt,
2151 4167 2422 4248 equitatu
2455 4168 2696 4246 objecto
2741 4168 2844 4247 qui
2886 4188 3022 4249 pro·

1118 4264 1285 4344 gredi
1330 4285 1433 4325 eos
1466 4275 1719 4337 vetaret,
1769 4263 2232 4346 Eporedorigem
2269 4273 2338 4356 et
2372 4263 2842 4338 Viridomarum,
2877 4285 3030 4345 quos

1113 4361 1213 4422 illi
1264 4362 1556 4443 putabant
1604 4363 1972 4436 interemtos,
2015 4359 2320 4444 appellare
2367 4381 2506 4422 suos
2554 4360 2759 4440 jubet.
2863 4361 3029 4442 Ergo
