3300 5234
849 572 1060 623 meru
1108 572 1359 622 cxvii.
1402 570 2048 625 surrnnunnruu.
2223 556 2240 567 ‘
2391 552 2572 621 5395

333 722 566 794 petens,
591 720 819 775 ceteros
841 713 1077 776 labores
1110 715 1356 797 wscipit
1378 734 1487 797 pro
1512 714 1846 796 republica,
1871 712 2036 775 nullo
2059 712 2240 775 bono·

333 828 465 869 rum
490 819 599 871 aut
621 811 851 892 imperii
868 811 1181 885 desiderio,
1206 810 1315 873 sed
1339 812 1505 893 leges
1524 820 1591 873 et
1602 814 1749 893 jura
1763 811 2024 873 civitatis
2040 810 2240 873 valere

334 905 679 987 postulans!

416 1010 519 1063 44.
562 1003 725 1065 Haec
758 1013 939 1085 atque
970 1004 1123 1065 talia
1154 1025 1293 1067 cum
1319 1005 1615 1067 Canutius
1636 1004 2024 1077 disseruisset,
2052 1005 2240 1066 Octa-
2261 1007 2394 1085 Dio..

334 1099 549 1160 vianus
578 1100 765 1161 verba
800 1100 997 1163 facere
1029 1101 1108 1162 ad
1145 1102 1429 1183 populum
1454 1103 1654 1183 coepit,
1681 1102 2024 1163 memoriam
2058 1102 2242 1183 patris
2266 1073 2478 1141 ΛΡΝ·

334 1195 639 1268 iuvocans,
664 1206 729 1257 et
756 1214 892 1278 quae
926 1197 1029 1259 ille
1066 1218 1175 1279 pro
1215 1197 1525 1279 republica
1566 1218 1862 1280 prospere,
1890 1217 2031 1277 erga
2052 1218 2244 1280 popu-

333 1292 461 1353 lum
504 1292 847 1355 Romanum
894 1293 1255 1367 liberaliter,
1288 1294 1579 1357 adversus·
1614 1296 1884 1358 inimicos
1921 1294 2246 1357 clementer

332 1388 591 1451 fecisset.
662 1389 901 1451 Deinde
926 1390 1097 1452 flexit
1118 1391 1197 1452 ad
1222 1412 1357 1472 spes
1380 1412 1517 1453 suas
1540 1392 1804 1455 modeste
1827 1390 2242 1453 commendan-

332 1485 467 1557 das,
491 1485 765 1567 quoniam
790 1507 899 1569 per
922 1496 1161 1549 aetatem
1186 1507 1643 1549 commemorare
1681 1508 1776 1548 res
1813 1496 2010 1567 gestas
2047 1487 2247 1548 nullas

332 1590 553 1663 posset.
613 1582 933 1645 Postremo
958 1584 1263 1645 accusavit
1286 1584 1642 1655 Antonium,
1661 1584 1908 1662 injurias
1931 1603 2070 1645 suas
2093 1584 2244 1663 pub-

331 1678 597 1759 licasque
635 1679 931 1760 profectas
955 1682 1033 1742 ab
1058 1701 1131 1741 eo
1164 1700 1513 1759 coarguens,
1547 1680 1764 1761 quibus
1803 1687 2048 1741 coactus
2071 1666 2245 1740 exer-

332 1774 519 1837 citum
542 1778 952 1837 contraxisset.
1035 1785 1054 1813 ⁶
1086 1776 1321 1837 Adesse
1347 1786 1660 1839 veteranos
1689 1776 1877 1857 patris
1907 1776 2025 1847 sui,
2050 1782 2246 1861 mente

336 1890 541 1935 omues
582 1872 817 1945 eadem,
862 1873 949 1933 uti
992 1873 1247 1954 patriam
1291 1871 1641 1945 defendant,
1685 1873 1860 1953 eique
1903 1890 2146 1953 operam
2186 1879 2252 1931 et

334 1968 685 2051 obsequium
706 1976 914 2029 contra
938 1987 1369 2049 quemcumque
1398 1967 1553 2029 foret
1588 1989 1762 2050 opus,
1801 1976 1866 2031 et
1897 1970 1958 2029 in
1993 1986 2249 2048 proesen-

332 2068 425 2125 tia
452 2074 659 2127 contra
693 2066 1029 2127 Antonium
1061 2064 1473 2147 polliceantur.
1568 2065 1649 2127 Id
1693 2067 1866 2127 unius
1899 2085 2002 2125 ore
2041 2084 2248 2125 omnes

334 2161 641 2243 profiteri?
722 2162 979 2224 Secutus
1008 2162 1087 2223 ad
1124 2163 1255 2223 baec
1290 2162 1688 2225 multitudinis
1721 2162 1969 2235 clamor,
2005 2160 2247 2223 faustae-

336 2278 459 2339 que
489 2260 551 2319 in
587 2259 989 2321 Octavianum
1028 2278 1225 2321 voces.

418 2364 523 2419 45.
565 2356 849 2417 Ceterum
892 2376 1011 2417 non
1054 2356 1212 2418 idem
1230 2410 1237 2417 .
1254 2364 1672 2417 veteranorum
1715 2375 1918 2417 sensus
1953 2363 2106 2427 erat,
2143 2357 2250 2437 qui

334 2472 477 2515 cum
500 2452 852 2533 pugionibus
874 2460 1037 2514 veste
1062 2453 1233 2513 tectis
1258 2452 1774 2513 circumstiterant.
1857 2452 2064 2533 Exciti
2089 2454 2248 2513 enim

336 2560 621 2631 tanquam
646 2547 725 2609 ad
748 2546 1187 2632 componendas
1222 2546 1479 2609 Gaesaris
1516 2555 1579 2608 et
1612 2546 1872 2609 Antonii
1910 2556 2248 2610 controver-

337 2648 477 2720 sias,
522 2654 651 2717 aut,
694 2646 745 2706 si
786 2646 1073 2707 abnueret
1114 2645 1437 2717 Antonius,
1483 2644 1786 2706 Gaesarem
1831 2646 2102 2717 tutaturi,
2145 2654 2252 2706 aut
2309 2682 2314 2687 -

336 2745 545 2815 etiam,
578 2744 629 2803 si
664 2762 759 2803 res
794 2743 882 2803 ita
914 2741 1115 2813 ferret,
1156 2761 1359 2823 poenas
1390 2742 1637 2801 sumturi
1673 2740 1750 2801 de
1785 2741 2250 2823 percussoribus,

340 2860 497 2921 segre
516 2840 807 2912 ferebant,
824 2860 887 2901 se
915 2839 1199 2901 adversus
1224 2838 1583 2910 Antonium,
1610 2838 1788 2899 modo
1813 2839 2028 2901 ducem
2054 2858 2248 2909 suum,

340 2958 495 2999 nunc
520 2937 847 3010 consulem,
871 2936 1161 2998 adhiberi.
1245 2934 1439 3014 Igitur
1462 2936 1814 2997 catervatim
1853 2937 2021 2997 abire
2053 2954 2248 3015 coepe-

338 3043 501 3106 runt,
526 3034 631 3094 alii
666 3034 865 3117 palam
906 3032 1222 3114 indignati,
1248 3053 1385 3113 pars
1410 3052 1576 3093 arma
1602 3054 1714 3095 sua
1749 3054 1866 3094 uon
1903 3042 2248 3115 apportasse

340 3142 675 3203 causantes,
718 3152 829 3193 nec
866 3130 1079 3193 alienis
1113 3129 1357 3212 perinde
1390 3130 1499 3191 uti.

422 3236 527 3290 46.
568 3228 797 3301 Cmr,
820 3228 1192 3289 dissimulato
1216 3225 1443 3299 dolore,
1470 3226 1615 3307 quia
1650 3236 1782 3289 erat
1805 3227 1884 3289 ad
1909 3228 2034 3289 vim
2057 3230 2248 3310 impa-

342 3333 527 3398 ratus,
554 3325 829 3387 laudatos
850 3324 1013 3406 quod
1037 3345 1101 3386 se
1126 3323 1533 3395 deduxissent,
1574 3344 1848 3405 novoque
1883 3324 2118 3406 iusuper
2140 3326 2252 3387 do-

343 3424 551 3485 nativo
576 3432 803 3494 auctos,
828 3422 1087 3484 dimisit:
1130 3442 1322 3502 neque
1348 3440 1427 3481 ex
1467 3421 1627 3481 omni
1669 3440 1910 3483 numero
1936 3422 2250 3503 plusquam

344 3519 531 3591 mille,
556 3520 703 3590 sive,
726 3517 1048 3581 secund-um
1072 3538 1175 3579 eos
1192 3518 1295 3598 qui
1320 3515 1637 3599 plurimum
1664 3526 1911 3598 ponunt,
1928 3520 2044 3579 tria
2061 3520 2254 3581 millia

344 3625 767 3677 remanserunt.
847 3614 1095 3675 Ceteros
1116 3615 1297 3674 etiam
1322 3614 1447 3675 cito
1480 3614 1664 3674 subiit
1693 3615 2060 3695 poenitentia‚
2087 3636 2249 3677 com-

344 3713 740 3794 parandoque.
748 3711 899 3773 belli
923 3711 1093 3773 lucra
1115 3730 1253 3771 cum
1276 3709 1654 3790 agricultum
1677 3710 2002 3785 laboribus,
2021 3726 2086 3773 et
2111 3714 2250 3774 Cae-

344 3812 495 3873 saris
516 3810 761 3872 inescati
784 3808 1165 3880 liberalitate,
1189 3810 1313 3869 cito
1336 3828 1471 3869 cum
1498 3808 1699 3879 armis»,
1723 3816 2008 3889 tanquam
2037 3810 2118 3871 ad
2143 3811 2250 3873 illa

346 3907 605 3989 petenda
652 3892 917 3985 digressi,
960 3905 1041 3965 ad
1080 3924 1213 3965 eum
1266 3912 1645 3965 reverterunt.
1749 3903 1965 3984 Igitur,
2012 3916 2252 3989 recepto
2273 3937 2395 3987 Dio.

350 4005 567 4075 animo,
586 4002 884 4063 Etruriam
904 4004 1209 4083 percurrit,
1226 4000 1729 4082 Ravennamque,
1745 4010 1808 4063 et
1825 3999 2078 4063 finitima
2089 4003 2248 4076 loca,
2273 4002 2490 4069 Appiam.

348 4102 637 4163 militibus
670 4099 981 4160 Arretium
1014 4099 1327 4160 convenire
1357 4100 1561 4179 jussis.

428 4206 529 4262 47.
574 4195 741 4256 Dum
763 4196 893 4256 haec
918 4216 957 4255 a
986 4194 1223 4255 Oaesare
1250 4203 1553 4275 parantur,
1581 4192 1888 4255 Antonius
1923 4194 2001 4255 sd
2040 4194 2249 4257 Mace-

352 4294 591 4355 donicas
635 4292 897 4373 legiones
954 4289 1337 4351 Brundisium
1380 4301 1660 4352 venerat:
1724 4300 2117 4372 acceptusque
2166 4304 2256 4355 est
2276 4298 2396 4355 Dio.

352 4399 669 4471 gratanter,
694 4388 775 4449 ob
799 4408 963 4469 spem
991 4386 1287 4461 donativi,
1322 4384 1483 4469 quod
1516 4396 1684 4448 tanto
1722 4386 1958 4448 uberius
1991 4387 2256 4456 futurum
