3300 5234
745 584 922 655 ⁶3⁰0
1610 596 1621 615 ⁶
1708 602 1780 649 τ.
1831 602 2015 651 mvn

1075 758 1147 819 L.
1176 758 1498 832 Caesarem,
1526 776 1870 839 quanquam
1893 766 2198 840 receptum
2221 759 2283 819 in
2310 758 2584 839 gratiam,
2605 776 2710 840 per
2733 758 2984 821 insidias

1072 856 1464 917 interfectum.
1532 856 1778 938 Quippe
1806 855 2025 934 judicii
2049 858 2266 937 specie,
2293 857 2458 938 quod
2483 856 2728 917 libertos
2749 878 2983 919 servos-

1072 974 1191 1036 que
1214 954 1471 1015 Caesaris
1492 953 1649 1014 ferro
1673 964 1738 1014 et
1763 954 1886 1034 igni
1909 953 2225 1015 crudeliter
2243 956 2564 1025 enecuisse,
2721 956 2810 1015 'as
2833 974 2984 1036 quo-

1074 1072 1191 1132 que
1214 1050 1295 1111 ad
1320 1049 1726 1131 spectaculum
1771 1051 2100 1111 venationis
2141 1060 2516 1133 comparatas
2539 1053 2688 1113 truci
2738 1072 2868 1111 asse
2891 1050 2982 1110 di-

1073 1148 1341 1218 cebatur,
1386 1146 1639 1207 militum
1685 1146 1976 1227 obJecisse
2019 1146 2277 1219 ferociae,
2322 1169 2363 1207 a
2402 1148 2618 1228 quibus
2659 1150 2834 1229 quasi
2879 1168 2988 1228 per

745 1220 1054 1339 ξῗοῗκῖῗζ·
1076 1246 1225 1305 iram
1250 1243 1698 1305 interficeretur.
1779 1243 2102 1305 Afranium
2137 1254 2295 1305 certe
2321 1254 2384 1306 et
2411 1245 2698 1306 Faustum
2737 1244 2989 1327 imperio

746 1352 953 1401 Sueton-
1078 1340 1333 1402 Coesaris
1372 1344 1599 1403 occisos
1636 1362 1828 1423 neque
1867 1341 2116 1403 dubium
2153 1352 2246 1403 est
2281 1342 2440 1425 apud
2469 1351 2740 1404 auctores
2764 1342 2989 1425 pleros-

748 1416 1037 1534 ahinaam·
1076 1458 1217 1519 que,
1264 1458 1457 1519 neque
1500 1440 1652 1499 adeo
1698 1439 1932 1511 mirum,
1975 1441 2119 1520 quia
2143 1440 2326 1500 semel
2353 1440 2668 1521 impetrata
2690 1442 2871 1500 venia
2895 1440 2988 1499 di-

750 1546 883 1661 Auffi.
1078 1537 1261 1607 missi,
1288 1536 1484 1597 denuo
1526 1536 1603 1596 ad
1638 1535 2100 1617 oppugnandum
2126 1556 2264 1597 eum
2296 1558 2359 1597 se
2395 1546 2849 1597 converterant:
2892 1538 2992 1598 cui

752 1610 1039 1725 52⁸0·ae13
1080 1634 1279 1712 generi
1298 1633 1597 1694 hominum
1618 1633 1780 1693 baud
1795 1633 1920 1693 sine
1935 1654 2122 1695 causa
2137 1644 2270 1695 erat
2283 1634 2722 1721 infensissimus.
2771 1634 2992 1696 Serva·

752 1741 872 1792 Dio.
1043 1711 1056 1726 ’
1080 1732 1172 1790 vit
1191 1739 1391 1790 tamen
1418 1731 1515 1791 hic
1541 1750 1782 1811 qnoque
1802 1730 2134 1791 institutum
2155 1752 2347 1802 snum,
2371 1740 2440 1792 ut
2463 1733 2783 1792 amicorum
2811 1742 2994 1812 atque

845 1904 857 1916 ⁹
1082 1827 1461 1888 familiarium
1487 1827 1894 1909 deprecationi
1927 1828 2354 1889 condonaret¹¹
2385 1827 2664 1908 singulos.
2753 1829 2842 1889 Et
2863 1828 2992 1889 Oc-

760 1902 994 2019 Dnffss·
1082 1926 1280 1985 tavius
1303 1924 1543 2005 quidem
1570 1924 1938 1995 adolescens,
1963 1926 2068 2005 qui
2095 1936 2302 2006 postea
2321 1925 2631 2003 Augustus
2656 1923 2998 2005 appellatus

1083 2030 1195 2091 est,
1244 2041 1350 2102 pro
1392 2021 1684 2103 Agrippae
1730 2023 1820 2082 sui
1861 2022 2062 2093 fratre,
2103 2024 2208 2103 qui
2243 2022 2454 2083 eodem
2495 2021 2660 2082 bello
2699 2021 2858 2103 apud
2901 2022 2996 2082 M.

1088 2118 1377 2178 Catonem
1422 2117 1639 2190 fuerat,
1679 2119 2039 2179 avunculum
2075 2120 2366 2180 exoravit.

760 2197 943 2310 ⁰205&-
967 2261 1032 2311 de
1166 2220 1269 2274 64.
1313 2212 1436 2275 Sed
1478 2214 1684 2296 Scipio
1715 2225 1780 2275 et
1807 2215 1882 2276 T.
1906 2214 2266 2296 Torquatus,
2311 2235 2548 2297 unaque
2591 2214 3001 2300 Damasippus

758 2326 821 2377 Β,
845 2326 953 2379 Ast,
1090 2318 1153 2369 et
1179 2309 1505 2373 Plaetorius
1532 2312 1889 2389 Rustianus,
1935 2333 2072 2374 cum
2117 2313 2432 2374 duodecim
2481 2314 2732 2373 navibus
2777 2316 3002 2395 apert‘n

1086 2407 1586 2520 multum-diuque
1602 2412 1846 2490 jactati,
1873 2430 2008 2522 cum
2035 2410 2398 2515 Hispaniam
2425 2419 2713 2492 peterent,
2741 2410 3006 2521 adversis

1086 2515 1280 2565 ventis
1332 2526 1392 2566 m
1448 2507 1725 2568 Africam
1786 2508 1984 2580 relati,
2029 2508 2192 2590 apud
2247 2508 2598 2590 Hipponem
2647 2508 2912 2586 Regium
2965 2528 3006 2567 a

762 2588 980 2665 APPim·
1089 2601 1277 2662 classe
1303 2603 1388 2663 P.
1420 2603 1559 2663 Sitii
1586 2605 1982 2686 excipiuntur.
2069 2604 2169 2665 Ibi
2214 2604 2440 2686 Scipio,
2465 2625 2600 2665 cum
2629 2604 3003 2665 animadver-

764 2655 902 2770 Ῑῖῗὲι
924 2654 1066 2772 ἳῖἓ
1088 2708 1241 2761 teret
1264 2702 1485 2774 navim,
1522 2722 1643 2782 qua
1680 2704 2026 2774 vehebatur,
2069 2705 2148 2763 ab
2194 2704 2466 2763 hostibus
2504 2702 2662 2784 capi,
2702 2700 2906 2780 gladio
2941 2722 3006 2762 se

765 2790 953 2898 Ἐπὶ
990 2848 1003 2860 .
1090 2800 1559 2859 transverberat:
1601 2810 1685 2871 et,
1712 2801 2112 2880 quaerentibus
2135 2802 2240 2881 qui
2267 2800 2490 2860 interea
2515 2802 2867 2881 irruperant,
2899 2801 3006 2859 ubi

764 2918 851 2965 24,
943 2856 1069 2951 put
1092 2897 1409 2977 imperator
1452 2906 1630 2969 esset,
1686 2907 1704 2934 ‘
1739 2898 2119 2979 Imperator‚’
2167 2899 2383 2979 inquit,
2427 2908 2446 2935 ‘
2475 2898 2627 2958 bene
2671 2918 2736 2957 se
2783 2898 3007 2957 habet!

766 2978 944 3092 {32²⁰ss
978 3045 993 3091 i
998 3051 1017 3091 t
1096 2992 1327 3052 Eodem
1356 3002 1621 3074 tempore
1647 2996 1828 3055 ceteri
1857 3015 2095 3075 quoque
2122 3016 2159 3055 a
2200 2994 2450 3055 Sitianis
2479 2994 2768 3054 militibus
2803 2993 3006 3054 interi-

801 3060 1037 3158 Aficupdss
1094 3098 1349 3150 muntur.
1434 3091 1696 3160 Quibus,
1725 3091 1804 3151 ob
1832 3102 2108 3152 navatam
2143 3113 2218 3152 eo
2243 3092 2405 3153 bello
2429 3110 2858 3175 operam,·cum
2887 3090 3009 3151 alia

771 3172 834 3223 B·
858 3174 964 3249 MP·
1095 3186 1336 3266 praemia
1372 3186 1540 3246 dedit
1576 3186 1806 3259 Caesar,
1845 3198 1970 3248 tum
2011 3188 2262 3260 Cirtam,
2306 3189 2447 3248 olim
2493 3208 2697 3267 regum
2737 3187 3008 3259 domum,

770 3302 834 3352 ci
838 3318 981 3353 vvvvv
1006 3272 1019 3289 ⁸
1096 3294 1622 3365 quam.ceperant‚
1656 3284 2046 3346 habitandam
2081 3288 2405 3348 concessit:
2449 3286 2604 3346 unde
2641 3284 2878 3346 colonia
2911 3284 3008 3345 Si-

768 3367 910 3483 ἓξὲξ
922 3384 971 3481 3:
990 3371 1045 3481 ξ.
1098 3380 1390 3441 tianorum
1432 3381 1755 3462 appellata·

805 3497 956 3546 Aua,
982 3496 1043 3545 de
1180 3484 1291 3537 65..
1327 3478 1467 3559 Ipse
1496 3480 1732 3540 interim
1761 3482 1967 3541 Zamoe
1999 3468 2280 3563 pecunias
2303 3480 2486 3559 cogit,
2513 3481 2676 3540 cives
2701 3478 3014 3542 Romanos

773 3560 839 3675 Ξ·
863 3562 987 3677 Aizi.
1100 3577 1203 3655 qui
1252 3586 1462 3636 contra
1512 3598 1574 3637 se
1626 3589 2055 3659 pugnaverant,
2109 3579 2394 3647 mulctat;
2461 3580 2879 3660 provinciaque
2931 3600 3011 3640 ex

773 3643 892 3743 ng
1101 3692 1285 3751 regno
1310 3671 1496 3744 sacta,
1525 3673 1601 3734 C.
1634 3674 1982 3736 Sallustium
2011 3676 2289 3756 Crispum
2322 3695 2429 3754 pro
2457 3674 2698 3735 consule
2737 3675 3012 3756 praeficit,

778 3756 993 3871 3322?
1101 3772 1207 3851 qui
1254 3780 1378 3830 tam
1422 3771 1595 3831 avide
1648 3772 1866 3833 dicitur
1911 3773 2206 3855 expilasse
2247 3772 2632 3853 provinciam,
2681 3782 2748 3831 ut
2797 3774 2912 3832 hoc
2955 3774 3014 3833 ei

958 3856 973 3871 ⁰
1104 3867 1281 3927 fuisse
1308 3868 1635 3947 injunctum
1671 3890 1711 3928 a
1741 3869 1983 3930 Caesare
2019 3870 2261 3950 quidam
2300 3866 2694 3929 crediderint:
2739 3868 2843 3927 alii
2869 3890 3013 3949 pac-

1104 3972 1231 4024 tum
1256 3984 1389 4025 cum
1419 3985 1491 4024 eo
1516 3985 1732 4044 magna
1759 3968 2012 4049 pecunia
2037 3967 2414 4048 scripserunt,
2453 3985 2529 4025 ne
2565 3986 2810 4027 causam
2849 3964 3014 4026 dice-

818 4066 968 4117 Auct.
986 4068 1049 4117 de
1106 4071 1215 4120 ret.
1321 4062 1561 4123 Deinde
1612 4085 1904 4143 regressus
1959 4064 2226 4136 Uticam,
2279 4065 2440 4123 bona
2494 4082 2698 4122 eorum
2749 4064 2852 4142 qui
2903 4064 3018 4123 sub

782 4130 847 4182 Β·
869 4130 977 4181 Μ’·
1109 4156 1388 4238 Scipione
1412 4158 1710 4221 duxerant
1735 4160 1986 4232 ordines,
2015 4160 2303 4221 vendidit.
2383 4158 2782 4239 Thapsitanos
2807 4157 3018 4218 Adru-

1108 4262 1488 4336 metanosque
1525 4260 1798 4339 pecunia,
1829 4259 2178 4341 Leptitanos
2219 4257 2414 4317 tricies
2449 4257 2716 4317 centenis
2753 4254 3020 4316 millibus

777 944 980 993 Sueton-

748 1008 875 1063 Cos.
899 1025 946 1060 c.
966 1013 1051 1060 76.

1590 4426 1627 4501 ’1
1642 4457 1665 4501 l
1707 4454 2070 4503 Condomveme
2093 4452 2214 4503 edd.
2243 4460 2360 4502 ante
2383 4451 2538 4503 Crcv.
