3300 5234
814 591 993 659 ⁵036
1779 607 1848 655 τ.
1897 607 2086 656 mvn

1136 750 1471 822 dividebat,
1496 751 1619 810 suis
1640 750 1982 811 cohortibus
2005 758 2280 832 occupat,
2309 751 2370 810 in
2395 749 2642 810 alteram
2663 751 3050 829 commigrare

1126 849 1306 928 jubet
1330 847 1680 930 oppidanos.
1765 847 1866 908 Ibi
1891 846 2151 927 Veragri
2181 846 2546 928 Sedunique,
2571 844 2813 908 collecti
2837 847 2918 908 ad
2941 849 3050 907 tri-

1136 945 1303 1022 ginta
1326 937 1627 1005 bominum
1650 942 1864 1017 millia,
1889 945 2088 1004 subito
2111 963 2248 1025 quae
2275 941 2570 1004 Octoduri
2587 953 2756 1004 erant
2777 942 3052 1024 hyberna

1134 1062 1479 1124 oppugnare
1513 1052 1850 1123 coeperunt:
1891 1041 2082 1103 donee
2117 1041 2282 1102 nullo
2321 1043 2434 1102 nisi
2473 1044 2534 1102 in
2563 1043 2780 1102 virtute
2819 1042 3052 1122 reliquo

1134 1138 1429 1218 prasidio,
1458 1141 1800 1200 auctoribus
1837 1137 2052 1200 Sextio
2089 1138 2463 1221 primipilari,
2503 1148 2566 1198 et
2592 1137 2906 1200 Voluseno
2943 1142 3050 1200 tri-

1132 1235 1315 1308 buno,
1340 1236 1571 1316 eruptio
1594 1235 1782 1308 faeta,
1803 1245 1868 1296 et
1885 1236 2139 1317 amplius
2161 1237 2342 1297 tertia
2365 1255 2504 1317 pars
2528 1235 2782 1295 hostium
2805 1236 3052 1298 concisa

1130 1341 1239 1394 est.
1322 1332 1553 1404 Galba,
1582 1335 1820 1394 incenso
1845 1335 2004 1405 vico,
2029 1332 2384 1394 incolumem
2409 1333 2702 1412 legionem
2729 1353 2835 1413 per
2857 1331 3042 1392 Nan-

1129 1436 1323 1489 tuates
1348 1431 1407 1490 in
1432 1428 1834 1510 Allobrogum
1874 1429 2023 1490 fines
2061 1429 2334 1502 deduxit,
2361 1429 2564 1510 ibique
2589 1429 2879 1510 reliquam
2908 1449 3050 1510 par-

1131 1535 1252 1586 tem
1278 1528 1509 1609 hyemis
1532 1529 1756 1606 exegit.

806 1629 899 1679 Liv
905 1629 1025 1694 ,ἰΕρ
1028 1639 1064 1681 t.
1208 1631 1310 1684 66.
1354 1623 1481 1685 Per
1504 1623 1716 1686 eadem
1741 1633 2014 1706 tempora
2041 1623 2135 1684 Μ.
2165 1623 2345 1694 Cato,
2373 1623 2504 1703 lege
2531 1623 2756 1685 Clodia
2779 1621 2859 1682 ad
2887 1623 3049 1682 redi-

805 1695 1054 1810 CAPPm
1130 1720 1387 1800 gendam
1427 1722 1489 1781 in
1534 1723 1858 1802 provinciae
1903 1720 2152 1782 formam
2195 1720 2464 1802 Cyprum
2511 1722 2742 1793 missus,
2783 1719 3053 1780 reductis

840 1825 933 1872 Plu
936 1833 973 1875 t.
994 1825 1066 1875 Ca
1066 1834 1107 1878 t.
1136 1819 1603 1899 Byzantinorum
1655 1819 1816 1900 prius
1863 1819 2163 1889 exulibus,
2209 1819 2270 1878 in
2315 1817 2568 1880 insulam
2611 1819 2804 1888 venit,
2849 1827 3045 1877 morte

798 1887 923 2002 ξ)
861 1906 905 1938 ¹
885 1955 965 2002 u
970 1959 1107 2005 Lm
1132 1916 1452 1977 Ptolemaei
1492 1936 1768 1989 vacuam,
1826 1917 1930 1997 qui
1973 1935 2167 1997 neque
2213 1925 2456 1998 paratus
2499 1915 2579 1976 ad
2627 1915 3046 1986 resistendum,

826 2020 1025 2068 strab-x
994 2034 1107 2072 xxv.
1132 2033 1321 2093 neque
1362 2033 1543 2092 regno
1578 2014 1793 2074 amisso
1818 2014 2021 2074 vivere
2055 2012 2370 2084 sustinens,
2405 2033 2634 2072 veneno
2671 2019 2850 2094 epoto
2885 2013 3049 2092 peri-

803 2089 997 2200 11'2'1334
1128 2119 1274 2170 erat.
1356 2109 1682 2170 Pollicitus
1715 2119 1844 2171 erat
1880 2109 2211 2191 praemissus
2249 2131 2290 2172 a
2327 2109 2563 2170 Catone
2589 2109 2907 2181 Canidius,
2939 2131 3050 2192 po-

1129 2208 1337 2287 pulum
1390 2207 1738 2268 Romanum
1791 2208 1872 2281 ei,
1931 2209 1982 2268 si
2044 2206 2257 2268 lubens
2303 2207 2592 2279 cessisset,
2645 2205 3050 2268 sacerdotium

1132 2303 1386 2364 Veneris
1425 2305 1684 2386 Paphiae
1733 2325 2144 2366 concessurum
2187 2325 2352 2366 esse:
2395 2324 2597 2368 verum
2643 2303 2746 2366 ille
2787 2315 3048 2364 mortem

836 2409 948 2460 Val.
970 2409 1105 2461 Max.
1130 2401 1415 2481 potiorem
1441 2422 1514 2461 eo
1540 2401 1800 2463 ludibrio
1826 2401 2056 2473 habuit,
2081 2401 2268 2462 stulta
2291 2411 2492 2462 tamen
2527 2401 2782 2462 avaritia
2805 2421 3050 2460 conser-

831 2493 862 2523 ¹
1112 2498 1285 2564 ,vatis
1306 2499 1538 2579 opibus,
1622 2497 1782 2559 Cum
1809 2499 1968 2580 enim
1995 2496 2342 2577 aliquando,
2369 2506 2438 2557 ut
2461 2498 2720 2559 vicissim
2746 2497 3048 2578 praedoni-

800 2603 1015 2670 Appian.
1127 2593 1239 2652 bus
1280 2595 1404 2654 suis
1448 2613 1601 2673 aegre
1640 2593 1887 2663 faceret,
1923 2594 2083 2653 omni
2128 2595 2382 2674 pecunia
2419 2595 2480 2654 in
2523 2615 2708 2654 naves
2741 2594 3047 2674 imposita,

1128 2699 1443 2771 provectus
1466 2692 1527 2750 in
1552 2691 1740 2751 altum
1765 2698 1941 2761 esset,
1968 2706 2041 2749 eo
2063 2688 2313 2748 consilio
2339 2699 2406 2749 ut
2430 2711 2630 2750 secum
2658 2691 2864 2751 omnia
2889 2710 3046 2750 mer-

799 2803 913 2853 Val.
932 2803 1069 2852 Max.
1126 2797 1313 2867 geret,
1366 2805 1485 2851 non
1532 2787 1806 2848 sustinuit
1847 2785 2092 2868 perdere
2143 2795 2380 2867 propter
2427 2806 2562 2866 quae
2609 2807 2674 2846 se
2719 2788 3048 2868 periturum

800 2899 917 2952 Dio.
1126 2886 1515 2964 intelligebat.
1599 2884 1667 2944 A
1696 2884 1935 2966 Cypriis
1961 2883 2121 2944 Cato
2159 2893 2381 2964 promte
2423 2893 2704 2965 acceptus
2741 2894 2852 2954 est,
2879 2885 3048 2945 miti·

1126 3003 1285 3043 orem
1322 2983 1437 3042 sub
1468 2983 1607 3061 jure
1647 2981 1952 3053 Romano,
1979 3001 2163 3062 quam
2187 2981 2247 3040 in
2275 2982 2559 3042 servitute
2598 2981 2761 3060 regia
2795 2981 3045 3042 habuis-

796 3079 931 3130 Plut.
996 3115 999 3121 ·
1124 3089 1276 3150 sent,
1304 3089 1519 3140 sortem
1552 3079 1941 3160 sperantibus.
2027 3077 2270 3139 Idcirco
2303 3077 2524 3140 Catoni
2567 3079 2716 3139 nihil
2750 3077 2866 3138 fuit
2901 3078 3044 3139 reli-

1126 3197 1331 3259 quum,
1357 3197 1536 3260 quam
1572 3186 1639 3237 ut
1663 3177 1964 3238 ordinaret
2002 3178 2390 3259 provinciam,
2432 3181 2495 3237 et
2533 3177 2846 3258 pecuniam
2881 3180 3042 3258 regi-

1127 3294 1247 3346 am,
1274 3283 1339 3334 et
1362 3273 1522 3353 quod
1548 3276 1678 3354 ejus
1701 3294 1779 3334 ex
1807 3275 2192 3361 instrumento
2230 3273 2551 3334 Ptolemaei
2575 3274 2822 3335 vendito
2848 3275 3044 3354 redigi

827 3375 957 3427 Ptin.
1128 3372 1342 3452 potuit,
1361 3379 1706 3451 reportaret.
1775 3369 2073 3431 Vendidit
2093 3372 2252 3430 enim
2279 3372 2500 3442 omnia,
2527 3391 2647 3431 una
2667 3371 3042 3432 solummodo

1124 3477 1381 3550 excepta
1408 3469 1670 3528 Zenonis
1703 3477 1924 3540 statua,
1953 3486 2068 3528 non
2106 3477 2344 3550 propter
2377 3468 2512 3528 aeris
2534 3477 2642 3529 aut
2665 3471 2808 3530 artis
2831 3469 3040 3530 excel—

1125 3566 1393 3637 lentiam,
1422 3565 1527 3626 sed
1554 3567 1613 3624 in
1637 3566 1919 3626 honorem
1945 3566 2358 3648 philosophiae.

796 3669 929 3720 Plut-
952 3671 1061 3724 Cat.
1204 3669 1307 3726 67.
1352 3661 1513 3723 Haec
1534 3683 1672 3722 cum
1697 3661 1907 3722 abillo
1930 3662 2302 3742 integenima
2327 3661 2448 3721 fide
2473 3671 2610 3722 acta
2635 3671 2849 3732 essent,
2875 3683 3038 3723 sum-

1125 3779 1223 3820 ma
1248 3759 1423 3839 longe
1448 3763 1661 3840 major,
1683 3779 1862 3841 quam
1882 3779 2115 3840 sperare
2137 3760 2448 3840 quisquam
2465 3760 2770 3841 potuisset,
2790 3757 3042 3830 redacta

1040 3899 1045 3906 ·
1124 3866 1233 3918 est.
1338 3856 1541 3917 Paulo
1591 3856 1784 3916 minus
1833 3866 2062 3936 septem
2111 3855 2301 3917 millia
2351 3847 2744 3922 talentorum¹
2779 3857 3042 3937 navibus

1122 3953 1462 4035 impositum
1512 3963 1635 4012 est:
1689 3953 1774 4012 ita
1823 3952 2210 4014 distribuente
2263 3951 2544 4013 adversus
2595 3951 3040 4032 naufragiorum

1120 4049 1386 4131 pericula
1410 4049 1670 4122 Catone,
1709 4059 1780 4112 ut
1811 4050 2060 4128 singulis
2092 4050 2270 4120 vasis,
2295 4050 2502 4130 qualia
2543 4048 2622 4109 ad
2657 4050 3036 4111 condendam

1124 4150 1438 4228 pecuniam
1480 4149 1672 4209 multa
1709 4147 2112 4227 magnitudine
2147 4149 2368 4229 aequali
2389 4157 2725 4229 paraverat,
2749 4149 3040 4208 corticem

1125 4461 1169 4510 c
1213 4396 1229 4430 ¹
1286 4395 1478 4460 Septem
1509 4398 1660 4448 millia
1695 4403 1746 4447 ta
1717 4397 2006 4464 aleatorum]
2042 4399 2239 4449 Marcie
2273 4398 2478 4463 argenti
2517 4405 2780 4449 nostrates
2812 4401 3033 4450 656250.

1170 4475 1269 4510 rev.
