3300 5234
764 563 939 630 5288
1699 580 1772 628 r.
1819 579 2012 629 mvn
2097 581 2106 600 ⁴

1094 731 1243 784 turae
1266 731 1521 806 quatuor
1558 721 1822 784 millibus
1858 722 2356 806 supervenientes,
2387 729 2613 782 mutare
2655 721 2984 796 comilium,

1094 829 1159 882 et
1180 821 1377 882 medio
1400 841 1615 904 campo
1641 821 2036 900 redintegrare
2061 839 2320 902 pugnam
2345 817 2686 898 adegerunt.

1176 927 1237 980 9.
1281 917 1441 980 Cum
1466 919 1551 978 ita
1574 917 1984 1000 praeliarentur
2021 917 2238 987 hostes,
2275 924 2343 976 ut
2373 935 2510 978 cum
2546 919 2818 996 equitatu
2846 915 2994 978 levis

1098 1027 1399 1078 armatura
1422 1015 1828 1078 Numidarum
1852 1023 2218 1097 procurreret
2229 1035 2247 1084 ς
2290 1014 2507 1074 coortis
2535 1013 2752 1074 deinde
2791 1013 2994 1074 Θεω-

1096 1113 1299 1184 rianis,
1324 1113 1555 1196 equites
1578 1111 1936 1192 refugerent,
1963 1110 2146 1193 pedes
2189 1111 2494 1190 exciperet
2524 1119 2853 1182 certamen,
2891 1109 2995 1172 do-

1100 1231 1209 1272 nec
1236 1211 1349 1283 illi,
1386 1218 1642 1270 resumto
1669 1229 1864 1282 cursu,
1895 1209 2104 1270 iterum
2131 1207 2574 1277 inveherentur-3
2617 1227 2824 1287 eaque,
2853 1228 2996 1288 pug-

1100 1307 1283 1368 nandi
1328 1307 1521 1369 forma
1556 1327 1716 1370 nova
1757 1316 1822 1367 et
1867 1307 2147 1368 terribilis
2187 1305 2546 1366 Coesarianis
2589 1306 2990 1384 objiceretur:

1103 1404 1309 1467 Cesar
1331 1404 1631 1484 negotium
1661 1405 1780 1466 suis
1817 1404 2006 1476 dedit,
2043 1413 2112 1464 ut
2144 1402 2302 1463 omni
2327 1411 2547 1462 conatu
2571 1411 3005 1462 summoverent

1099 1501 1317 1574 hostes,
1346 1511 1525 1584 atque
1550 1503 1708 1564 ultra
1723 1511 2064 1584 postremos,
2099 1501 2204 1584 qui
2238 1500 2628 1580 apparebant,
2655 1497 2849 1560 colles
2871 1519 3000 1580 pro-

1102 1601 1425 1660 turbarent.
1506 1599 1663 1660 Tum
1692 1600 1932 1661 demum
1957 1597 2263 1682 pugnandi
2287 1598 2422 1658 finis
2455 1605 2547 1658 est
2579 1596 2801 1668 sactus,
2843 1606 3004 1678 post-

1105 1715 1285 1777 quam
1313 1697 1391 1756 ab
1416 1696 1563 1758 hora
1584 1697 1708 1758 diei
1732 1697 1941 1778 quinta
1965 1716 2150 1778 usque
2173 1697 2254 1756 ad
2279 1713 2556 1757 occasum
2588 1693 2734 1754 solis
2759 1693 3006 1753 dimica-

780 1801 898 1851 Dio.
1106 1801 1233 1854 tum
1278 1803 1451 1854 esset.
1538 1794 1726 1854 Multi
1768 1814 1848 1854 ex
1890 1794 2145 1855 Caesaris
2187 1791 2475 1854 militibus
2509 1789 2810 1852 interfecti
2851 1799 3008 1860 sunt,

812 1897 963 1947 Auct.
977 1897 1039 1946 de
1105 1907 1225 1951 non
1284 1890 1409 1952 sine
1472 1891 1695 1952 crebris
1745 1891 2216 1952 adversariorum
2259 1889 2622 1952 vulneribus.
2731 1887 3013 1948 Petreius

778 1963 845 2076 Ξ·
866 1963 979 2076 ³5:¹¹2
1106 1986 1287 2047 etiam
1330 1987 1589 2066 graviter
1630 1988 1784 2048 ictus
1821 1987 2079 2048 deseruit
2123 2007 2415 2068 pugnam:
2457 1985 2564 2046 sed
2601 1986 3010 2046 necessitatem

830 2043 899 2094 pp
982 2059 999 2076 ⁹
1105 2081 1501 2157 dissimulans,
1541 2104 1680 2145 cum
1707 2085 1970 2166 receptui
1995 2085 2141 2147 'cani
2172 2086 2468 2165 jussisset,
2513 2093 2530 2120 ‘
2555 2101 2674 2144 non
2699 2103 2830 2143 esse
2857 2081 3012 2142 frau-

1106 2180 1369 2243 dandum
1414 2181 1604 2260 gloria
1636 2183 1900 2243 victoriae
1947 2181 2292 2264 Scipionem
2339 2183 2754 2262 imperatorem
2801 2199 2974 2239 suum
2999 2180 3015 2206 '

814 2279 965 2329 Aaet.
985 2279 1049 2328 de
1108 2275 1443 2338 dictitabat.
1526 2277 1756 2349 Saucii,
1787 2299 2040 2359 quorum
2065 2280 2362 2339 maximus
2385 2277 2499 2337 fuit
2521 2295 2820 2347 numerus,
2845 2274 3016 2356 plau-

784 2343 976 2458 }[u‘tst'
1109 2374 1250 2434 stris
1273 2373 1672 2434 Adrumetum
1698 2374 1996 2457 deportati
2023 2383 2184 2436 sunt.
2255 2373 2352 2436 Eo
2375 2372 2582 2455 praelio
2603 2371 2854 2454 quidam
2879 2392 3016 2432 auc·

782 2473 1000 2539 Appiu-
1110 2479 1267 2532 tores
1307 2480 1445 2531 sunt
1500 2470 1822 2550 fugientem
1867 2469 2252 2552 aquiliferum
2302 2491 2341 2531 a
2395 2469 2635 2530 Caesare
2679 2477 3019 2550 correptum

1110 2587 1575 2648 conversumque
1619 2567 1826 2640 fuisse,
1861 2589 1999 2629 cum
2037 2567 2226 2640 dicto,
2269 2577 2287 2605 ‘
2309 2568 2406 2628 hic
2446 2567 2643 2628 hostes
2683 2565 2892 2626 suntl'
2935 2573 3018 2624 at·

1112 2685 1228 2746 que
1272 2665 1443 2725 unius
1484 2664 1646 2725 illius
1669 2667 1950 2726 virtutem
1989 2665 2172 2727 saluti
2213 2665 2392 2726 fuisse
2437 2664 2666 2735 ceteris,
2708 2663 2762 2724 si
2801 2663 3021 2742 absque

1112 2758 1219 2821 illo
1252 2769 1431 2833 esset,
1470 2761 1876 2823 indubitanter
1915 2763 2210 2844 perituris.

821 2869 971 2922 Λυσι.
994 2869 1057 2920 de
1194 2864 1295 2918 10.
1338 2856 1493 2918 Inde
1517 2857 1723 2920 Caesar
1747 2877 1884 2919 cum
1905 2859 2024 2918 suis
2043 2860 2104 2918 in
2137 2869 2331 2920 castra
2353 2879 2417 2919 se
2441 2859 2666 2939 recepit
2689 2856 2772 2918 ad
2799 2855 3022 2938 Ruspi-

790 2935 977 2987 ΕΜΓ·
1114 2972 1274 3024 nam,
1306 2974 1497 3033 eaque
1524 2954 1715 3015 modis
1740 2955 2010 3016 omnibus
2043 2956 2408 3017 communire
2445 2955 2723 3027 instituit,
2749 2953 2920 3015 vallo
2955 2955 3026 3014 ab

788 3059 911 3113 Dio.
1114 3047 1335 3130 oppido
1374 3049 1453 3110 ad
1478 3069 1665 3123 mare,
1695 3051 1954 3132 itemque
1983 3051 2171 3113 altero
2196 3072 2235 3113 a
2257 3052 2462 3112 castris
2485 3051 2696 3112 eodem
2721 3051 3024 3132 perducto.

1117 3145 1288 3206 Nam
1328 3167 1369 3206 a
1408 3147 1784 3228 paucioribus
1825 3147 1982 3209 male
2022 3158 2326 3230 acceptus,
2361 3147 2698 3229 Scipionem
2731 3147 2901 3208 haud
2936 3149 3028 3205 in-

1105 3241 1271 3320 juria
1308 3244 1632 3315 metuebat,
1655 3245 1760 3326 qui
1801 3253 1938 3326 post
1973 3245 2242 3326 praelium
2277 3245 2502 3319 factum
2535 3244 2636 3305 die
2667 3245 2868 3314 tertio,
2895 3263 3028 3304 cum

825 3349 977 3400 Auen.
996 3350 1061 3400 de
1118 3337 1447 3416 legionibus
1491 3349 1629 3402 octo
1674 3350 1739 3402 et
1787 3344 2058 3424 equitum
2102 3341 2366 3403 millibus
2410 3351 2664 3422 quatuor
2708 3340 3030 3402 adventare

792 3415 1094 3531 Bitzf'ihx·
1119 3435 1523 3498 nuntiabatur.
1610 3435 1698 3507 Is,
1726 3446 2037 3518 postquam
2075 3438 2270 3511 affuit,
2305 3439 2678 3501 collaudatos
2713 3437 2820 3518 qui
2853 3455 3030 3518 prox·

794 3560 918 3598 uu.
952 3549 1033 3596 14.
1120 3532 1241 3593 imo
1274 3533 1483 3614 praelio
1510 3555 1633 3594 rem
1657 3543 1889 3596 strenue
1915 3545 2213 3614 gesserant
2239 3537 2456 3597 milites
2479 3557 2594 3618 pro
2611 3537 2904 3596 concione
2929 3532 3032 3593 do·

1120 3629 1309 3702 navit,
1338 3638 1409 3691 ut
1448 3631 1817 3694 alacritatem
1857 3653 2094 3694 suorum
2135 3634 2460 3695 honoribus
2493 3644 2558 3696 et
2588 3633 2850 3715 proemiis
2889 3630 3032 3692 inci·

1120 3733 1297 3786 taret.
1366 3725 1469 3787 Ibi
1496 3727 1827 3792 resaccidit
1853 3749 1968 3790 non
1995 3729 2238 3809 indigna
2259 3731 2472 3792 relatu.
2543 3730 2846 3790 Labienus
2869 3727 3033 3807 equi-

1121 3829 1244 3881 tem
1290 3823 1749 3885 commendabat
1793 3825 2152 3906 imperatori,
2173 3891 2177 3896 .
2197 3847 2406 3887 aureas
2451 3826 2716 3887 armillas
2753 3829 3034 3888 meruiaee

1122 3919 1496 3982 confirmans.
1603 3919 1704 3982 At
1749 3921 1955 4005 Scipio
1998 3923 2244 3984 nolebat
2286 3922 2453 3995 dare,
2499 3923 2642 4003 quia
2685 3943 2878 4004 nuper
2941 3925 3036 3984 ille

1122 4037 1326 4080 servus
1359 4017 1577 4089 fuerat,
1620 4037 1696 4078 ne
1728 4018 2042 4081 vilesceret
2081 4019 2466 4080 casu-ensium
2499 4017 2790 4080 donorum
2831 4019 3037 4082 bonor.

1128 4115 1231 4176 Ibi
1282 4113 1583 4174 Labienus
1624 4112 1888 4174 armillas
1931 4115 2118 4196 equiti
2164 4115 2330 4176 dedit
2375 4136 2454 4176 ex
2501 4115 2749 4176 Gallica
2809 4117 3034 4197 praeda.

1126 4210 1283 4271 Tum
1310 4207 1539 4290 Scipio,
1593 4218 1612 4246 ⁶
1644 4208 1971 4283 Habebis,’
1990 4218 2009 4246 ¹
2057 4212 2275 4293 inquit,
2328 4221 2347 4248 ‘
2375 4211 2596 4272 donum
2639 4213 2751 4272 viri
2795 4211 3039 4274 divitis!

1129 4306 1240 4367 Ad
1285 4326 1464 4388 qnam
1506 4325 1712 4367 vocem
1751 4309 2054 4370 summisso
2101 4309 2274 4370 vultu
2312 4329 2496 4390 eques
2533 4309 2788 4394 projecit
2833 4329 3039 4370 aurum

1198 4509 1225 4558 1
1266 4505 1343 4560 Ex
1366 4505 1542 4558 Valer-
1570 4506 1719 4559 Max.
1739 4505 1909 4562 edidit
1925 4509 2084 4562 Crev.
2150 4508 2218 4562 In
2239 4507 2365 4562 edd.
2385 4523 2584 4576 prece.
2615 4509 2810 4576 legitur
2831 4507 3030 4562 habetit-
