3300 5234
837 512 1049 583 mem
1100 529 1317 582 cvm.
1360 528 2010 581 suvrnsunnrum.
2354 511 2531 579 5127

286 682 361 737 et
382 674 569 737 amici
596 672 851 735 Caesaris
881 696 957 737 ac
996 648 1279 756 Pompeii
1318 672 1601 755 populum
1638 674 1696 733 ei
1737 670 2204 757 inconciliarent,
2231 678 2352 732 Dio.

288 775 559 854 (semper
598 774 757 832 enim
796 772 941 834 mali
978 772 1090 833 viri
1120 771 1397 833 diffidunt
1418 771 1641 849 bonis,)
1669 779 1733 831 et
1757 769 1940 841 Cato,
1967 770 2206 831 minime

288 868 497 929 factus
534 869 617 929 ad
658 870 967 940 ambitum,
1000 871 1287 949 gravitate
1322 870 1518 949 magis
1544 876 1608 928 et
1646 868 1984 947 integritate
2011 868 2072 927 in
2101 887 2204 947 pe·-

286 964 503 1037 tendo,
530 984 715 1047 quam
742 967 1015 1047 precibus
1038 976 1103 1027 et
1122 964 1430 1025 blanditiis
1458 972 1750 1034 uteretur:
1783 962 2088 1045 ‘repulsam
2113 972 2206 1023 tu-

288 1060 400 1121 lit:
452 1062 763 1143 Sulpicius
808 1059 1253 1143 Marcellusque
1294 1060 1584 1141 designati
1632 1069 1804 1131 sunt:
1853 1059 1959 1121 ille
1994 1061 2207 1143 peritia
2229 1069 2348 1121 Liv.
2367 1070 2503 1135 Epit-

278 1157 467 1237 juris,
496 1159 601 1220 bic
622 1158 985 1241 eloquentia,
1012 1168 1257 1240 uterque
1282 1160 1587 1231 comitate,
1614 1157 1880 1219 favorem
1903 1157 2206 1261 hominum
2231 1135 2378 1253 ccssi·
2389 1136 2534 1189 Bm‘·

290 1257 565 1317 meritm.

380 1358 485 1413 12.
526 1352 867 1432 Postquam
911 1352 974 1411 hi
1022 1350 1395 1413 consulatum
1438 1350 1792 1423 inivenmt‚*
1845 1349 1923 1410 C.
1978 1349 2205 1422 Coesar,
2253 1364 2384 1417 Hirt.
2395 1365 2540 1416 «1213.

288 1447 537 1510 domitis
560 1450 760 1513 subita
782 1450 1159 1530 impressione
1189 1448 1578 1529 Biturigibus,
1620 1446 1835 1509 deinde
1874 1446 2208 1508 Carnutum
2233 1428 2367 1480 ⁶⁸¹¹·
2392 1446 2514 1481 ”¹¹¹⁹

290 1554 499 1625 gente,
527 1546 591 1605 in
622 1545 981 1607 Bellovacos
1006 1548 1187 1609 venit.
1273 1545 1433 1606 Cum
1464 1546 1559 1606 his
1586 1544 1903 1615 Ambiani,
1931 1542 2206 1619 Aulerci,
2231 1544 2535 1597 omn-11·

292 1641 597 1714 Genetes,
658 1642 1061 1714 Veliocasses,
1114 1642 1441 1727 Atrebates
1494 1644 1932 1721 conjunxerant
1977 1642 2206 1723 copias,
2233 1640 2350 1693 Dio.
2369 1641 2504 1693 Birt.

294 1738 529 1800 Correo
561 1739 917 1811 Bellovaco,
942 1749 1007 1801 et
1033 1740 1247 1801 Comio
1272 1739 1569 1801 Atrebate
1590 1740 1908 1821 praecipuis
1923 1738 2205 1801 ducibus:
2238 1792 2247 1805 .

292 1844 361 1895 et
382 1836 591 1897 locum
629 1836 947 1918 paludibus
984 1837 1287 1919 sylvisque
1324 1838 1635 1908 munitum,
1667 1844 1732 1897 et
1763 1835 1842 1896 ad
1871 1836 2076 1896 omnia
2097 1854 2204 1916 op·

292 1942 645 2014 portunum,
688 1936 899 1995 castris
928 1947 1231 2016 ceperant.
1314 1934 1456 1995 Hos
1488 1943 1561 1995 ut
1588 1934 1668 1995 ad
1695 1932 2072 2014 pugnandum
2095 1932 2208 1993 eli-

290 2039 469 2093 ceret
496 2030 723 2101 Cmr,
750 2052 885 2093 cum
922 2040 1177 2113 quatuor
1210 2040 1465 2103 tantum,
1510 2030 1613 2091 sed
1638 2038 1926 2112 spectatae
1949 2030 2208 2101 virtutis,

292 2127 638 2205 leg-ionibus
663 2129 723 2189 in
754 2138 1135 2209 conspectum
1159 2129 1347 2189 venit:
1429 2127 1672 2189 Deinde
1697 2147 1836 2188 cum
1873 2126 1966 2186 illi
1991 2126 2206 2187 nihilo·
2333 2203 2338 2207 .

294 2224 501 2283 minus
548 2224 687 2284 loco
730 2244 793 2285 se
831 2246 939 2285 suo
978 2233 1270 2296 tenerent,
1322 2233 1384 2285 et
1433 2233 1645 2305 praeter
1689 2210 1862 2295 levini·
1887 2224 2214 2285 certamina

294 2319 479 2380 fieret
520 2320 706 2391 nihil3
752 2321 896 2401 quia
936 2340 1127 2401 neque
1172 2330 1365 2383 castra
1414 2321 1671 2381 hostium
1715 2320 2044 2401 oppugnari
2085 2321 2212 2381 sine

294 2418 573 2477 maximo
590 2417 881 2497 periculo,
926 2437 1117 2497 neque
1152 2416 1557 2477 circumveniri
1592 2436 1631 2476 a
1665 2425 1792 2477 tam
1815 2417 2024 2497 paucis
2045 2426 2212 2497 pote-

296 2522 459 2585 rant,
492 2513 573 2577 C.
612 2513 971 2575 Trebonium
1005 2534 1143 2575 cum
1183 2515 1370 2576 tribus
1407 2514 1738 2594 legionibus
1761 2516 2025 2586 arcessit,
2049 2533 2216 2594 mag-
2245 2500 2254 2513 ’

296 2630 567 2693 numque
592 2614 885 2673 sociorum
921 2614 1251 2693 equitatum
1282 2621 1519 2685 evocat,
1558 2631 1734 2692 quem
1770 2610 2218 2694 pabulatoribus

298 2708 585 2789 prasidio
627 2711 909 2780 mitteret.
994 2710 1096 2770 Ex
1140 2730 1215 2770 eo
1248 2729 1491 2770 numero
1533 2708 1720 2771 Remi
1756 2707 2216 2770 Bellovacorum

299 2806 535 2867 insidiis
551 2807 959 2879 circumventi,
989 2807 1403 2867 Vertisconem
1429 2806 1752 2888 principem
1771 2806 2052 2879 civitatis,
2072 2828 2214 2867 eun-

296 2902 564 2984 demque
590 2902 937 2983 praefectum
962 2904 1253 2985 equitum,
1282 2890 1421 2965 ciim
1444 2924 1662 2983 magna
1685 2902 2062 2963 multitudine
2081 2924 2214 2964 suo-

302 3020 433 3060 rum
472 3000 817 3061 amiserunt.
1842 2990 1851 3003 ’

378 3103 489 3157 13.
534 3096 825 3157 Vicissim
868 3107 1068 3159 tamen
1114 3096 1447 3170 Bellovaci,
1486 3119 1525 3159 a
1564 3096 1882 3159 Germanis
1913 3098 2218 3178 equitibus

302 3192 421 3253 fusi
448 3192 789 3273 fugatique,
828 3214 967 3254 cum
1004 3194 1189 3255 etiam
1230 3193 1511 3255 accedere
1547 3214 1686 3254 cum
1721 3196 1892 3255 novis
1919 3195 2112 3277 copiis
2139 3194 2217 3255 C.

302 3288 674 3350 Trebonium
700 3290 957 3371 legatum
982 3293 1411 3371 cognovissent,
1440 3290 1734 3374 trepidare
1753 3300 2090 3376 coeperunt:
2130 3302 2216 3363 et,

306 3406 379 3445 ne
414 3406 541 3447 uno
579 3386 713 3448 loco
737 3388 967 3449 inclusa
1002 3389 1449 3449 innumerabilis
1486 3388 1805 3449 multitudo
1840 3388 1996 3449 fame
2035 3376 2216 3449 inte‘r-

304 3482 441 3555 iret,
468 3484 761 3565 quicquid
788 3494 965 3546 aetate
998 3493 1103 3545 aut
1137 3487 1361 3546 viribus
1395 3482 1634 3558 fessum,
1670 3496 1775 3546 aut
1809 3485 1986 3546 armis
2007 3506 2216 3566 pamm

303 3580 661 3643 instructum
701 3582 927 3655 aderat,
952 3602 1091 3644 cum
1116 3592 1287 3665 parte
1320 3583 1869 3663 impedimentorum
1892 3591 2219 3643 statuerunt

304 3675 633 3741 dimittere.
714 3678 839 3741 Sed
861 3680 1091 3751 Caesar,
1123 3664 1537 3741 animadverso'
1560 3680 1816 3741 hostium
1837 3680 2104 3751 consilio,
2137 3678 2216 3739 ad

306 3775 743 3857 insequendum
780 3798 843 3837 se
880 3778 1151 3859 parabat.
1234 3774 1405 3837 Huic
1440 3776 1525 3837 rei
1568 3787 1637 3837 ut
1677 3796 1902 3837 moram
1941 3774 2219 3835 afferrent
2311 3768 2316 3777 ’

308 3874 511 3947 Galli,
557 3876 951 3956 tutioremque
996 3875 1117 3935 suis
1152 3872 1471 3934 discessum
1511 3876 1865 3957 praeberent,
1905 3874 2220 3932 instructas

308 3982 373 4033 et
392 3974 511 4054 ipsi
536 3974 745 4053 copias
762 3992 869 4053 pro
888 3972 1097 4033 castfis
1120 3970 1519 4032 ostenderunt.
1602 3972 1842 4032 Idcirco
1865 3969 2092 4041 Caesar,
2111 3986 2218 4049 per

309 4068 587 4131 difficilia
611 4069 747 4130 loca
768 4071 889 4129 suis
926 4070 987 4130 in
1017 4070 1236 4151 jugum
1266 4069 1481 4129 montis
1512 4068 1889 4138 transductis,
1915 4066 2072 4133 unde
2095 4065 2220 4127 tela

310 4176 739 4240 tormentorum
757 4169 1087 4249 pertingere
1108 4165 1185 4229 ad
1210 4166 1467 4228 hostium
1485 4186 1712 4229 cuneos
1735 4159 1996 4249 possent,
2019 4171 2216 4225 castra

312 4266 540 4326 ibidem
568 4265 783 4347 posuit.

882 4428 913 4458 ⁴*
948 4428 1015 4479 A.
1036 4428 1105 4480 U.
1126 4428 1189 4478 C.
1222 4431 1340 4479 rol.
1406 4426 1476 4479 A.
1500 4426 1562 4479 C.
1580 4430 1664 4477 51.
