3300 5234
846 572 1055 623 unm
1102 572 1265 621 cxi.
1304 568 1962 622 surrasunwrun.
2329 554 2517 623 5215
2557 530 2568 539 ’

272 716 523 797 Quippe
548 713 869 777 Volcatius
902 713 1117 777 Tullus
1152 734 1291 779 cum
1326 713 1517 776 tribus
1558 714 1801 775 omnino
1843 711 2187 775 cohortibus

270 814 565 893 legionem
592 812 1029 893 Pompeianam
1062 811 1199 872 loco
1222 810 1496 891 depulit:
1540 808 1857 881 Germani,
1883 811 2188 891 eruptione

274 911 333 971 in
372 918 791 991 oppugnantes
826 906 1010 981 facta,
1046 907 1449 989 compluribus
1486 906 1830 979 interfectis,
1869 906 2191 967 incolumes

272 1009 592 1071 redierunt.
676 1007 799 1069 Sed
840 1010 1152 1118 praecipuae
1198 1006 1432 1067 ferociae
1482 1008 1756 1087 praelium
1809 1026 1930 1067 una
1979 1008 2190 1067 cohors

276 1107 531 1186 legionis
565 1114 753 1167 sextae
790 1104 1034 1165 edidit
1020 1125 1079 1163 ιιι
1115 1104 1367 1165 castello
1392 1102 1553 1184 quod
1584 1103 1846 1163 Minucii
1871 1103 2186 1164 vocabant.
2313 1174 2320 1182 ,

277 1204 373 1265 Eo
400 1203 793 1283 Pompeiane
836 1202 1099 1281 legiones
1132 1210 1389 1283 quatuor
1428 1222 1535 1282 per
1572 1200 1857 1279 confraga
1895 1209 1961 1260 et
1997 1201 2192 1260 obsita
2213 1215 2278 1263 Su
2281 1222 2412 1267 sion.

274 1298 535 1361 dumetis
558 1298 797 1359 occulto
824 1300 1029 1359 itinere
1054 1306 1358 1359 venerant.
1444 1296 1670 1378 Neque
1711 1296 1918 1367 territi,
1947 1296 2093 1358 licet
2131 1316 2249 1392 rev
2253 1279 2352 1328 [Μ
2355 1294 2437 1331 ⁸¹⁸·

279 1392 625 1477 improvisa,
651 1394 903 1466 Juliani,
932 1404 1055 1455 tam
1098 1395 1302 1476 paucis
1340 1394 1652 1464 militibus,
1677 1394 1798 1453 vim
1835 1402 2066 1453 tantam
2091 1360 2249 1475 pei·v
2255 1348 2432 1395 1..120

278 1492 513 1573 aliquot
558 1494 733 1553 horas
774 1493 1194 1561 sustinuerunt,
1240 1490 1597 1551 centurionis
1640 1492 1816 1551 unius
1865 1488 2195 1550 incredibili

280 1591 501 1651 virtute
526 1590 792 1649 animati.

363 1694 469 1747 88.
513 1686 607 1746 Μ.
638 1684 869 1745 Oaesius
890 1682 1027 1754 fuit,
1052 1684 1153 1743 cui
1179 1681 1411 1745 Scaevae
1433 1684 1936 1763 cognomen.1s
1959 1694 2198 1745 strenua
2220 1706 2350 1773 Appi
2335 1724 2432 1759 Η...

284 1804 488 1865 pugna
509 1782 751 1853 multos,
779 1782 883 1863 qui
908 1763 1151 1861 propius
1176 1790 1567 1853 accesserant,
1592 1782 1912 1853 interfecit,
1935 1781 2196 1843 custodi-
2241 1774 2334 1823 ΡΝ
2337 1783 2372 1823 ²·
2391 1772 2523 1823 θ’*

284 1900 503 1961 amque
549 1888 733 1961 portae
780 1876 1108 1938 commisse
1160 1876 1473 1937 fortissime
1520 1878 1800 1947 retinuit:
1855 1898 2198 1959 quanquam
2221 1844 2370 1954 c‘vffi'
2387 1903 2526 1957 u„

284 1978 555 2039 sauciato
596 1977 819 2056 capite,
863 1974 1171 2053 femurque
1216 1982 1281 2033 et
1322 1975 1629 2035 humerum
1675 1974 2014 2047 transfixus,
2061 1994 2197 2055 pos·
2223 1986 2306 2019 1¹¹·
2327 1972 2378 2018 ²·

284 2084 477 2135 trem
500 2074 681 2135 etiam
705 2070 945 2133 oculum
970 2072 1273 2131 sinistrum
1298 2072 1595 2132 amiserat.
1655 2070 1810 2133 Tum
1839 2093 1980 2133 vero
2006 2072 2196 2133 Pom-
2221 2034 2328 2147 ἷζε
2315 2042 2419 2147 ιε

287 2172 569 2252 peianum
592 2170 991 2231 centurionem
1018 2177 1175 2227 notoe
1200 2168 1435 2229 virtutis
1460 2168 1792 2251 appellans,
1833 2170 1989 2229 mitti
2029 2170 2204 2251 petiit
2222 2164 2318 2212 Plu
2321 2171 2359 2212 ‘-

288 2290 327 2329 a
349 2290 473 2349 quo
500 2268 737 2329 deditus
761 2266 1199 2349 perduceretur.
1283 2269 1700 2330 Accurrerunt
1721 2270 1834 2329 viri
1859 2270 2004 2341 duo,
2031 2280 2200 2330 tanto
2223 2226 2463 2343 33:¹²

289 2366 495 2427 labore
546 2374 613 2427 et
660 2366 751 2425 his
798 2364 1149 2426 vulneribus
1198 2365 1427 2426 nullum
1480 2388 1597 2427 non
1660 2368 1840 2427 robur
1901 2368 2203 2429 exhauriri

232 2474 241 2483 ‘
290 2465 551 2545 potuisse
576 2463 656 2523 ad
682 2482 971 2523 summam
1012 2462 1479 2523 imbecillitatem
1522 2464 1654 2525 rati.
1741 2450 1864 2524 Sed
1903 2464 2030 2536 ille,
2063 2486 2204 2526 con-

290 2559 449 2621 foaeo
490 2560 704 2631 altero,
752 2558 941 2619 altero
984 2557 1319 2631 vulnerato,
1368 2560 1489 2621 suis
1534 2560 1768 2621 addidit
1809 2562 2095 2635 animum,
2141 2571 2208 2622 ut

288 2666 565 2719 tenerent
588 2657 809 2727 locum,
834 2654 1023 2716 donec
1048 2676 1129 2714 ex
1154 2657 1363 2716 castris
1384 2658 1688 2719 subveniri
1715 2659 1930 2739 potuit.

370 2760 477 2814 89.
520 2754 767 2834 Quippe
804 2752 1029 2821 Caesar,
1074 2751 1154 2811 ad
1201 2751 1641 2833 Dyrrhachium
1687 2753 2030 2815 admoturus
2067 2776 2203 2836 par·
2228 2761 2358 2811 em.

290 2859 413 2911 tem
456 2852 787 2931 copiarum,
835 2849 918 2909 P.
968 2848 1201 2929 Syllam
1250 2850 1459 2909 castris
1502 2850 1866 2930 praefecerat.
1952 2852 2020 2912 Is
2063 2874 2206 2931 ergo

290 2968 429 3009 cum
456 2948 691 3008 duabus
734 2945 1067 3026 legionibus
1108 2947 1411 3026 suppetias
1450 2946 1645 3007 ferens
1681 2948 1886 3018 affuit;
1929 2951 2100 3028 cujus
2133 2970 2206 3009 ne
2297 3009 2312 3023 ,

292 3053 677 3125 conspectum
716 3043 961 3124 quidem
1004 3042 1155 3103 ferre
1205 3044 1591 3125 Pompeiani.
1614 3054 1951 3126 potuerunt.
2038 3046 2214 3127 Sylla

294 3152 495 3203 tamen
522 3144 739 3202 instare
763 3156 1105 3221 quanquam
1132 3140 1419 3221 perculsis
1444 3141 1670 3207 noluit:
1715 3142 1917 3203 multis
1941 3144 2212 3203 incusan-

294 3242 475 3312 tibus,
501 3241 607 3321 qni
638 3239 1001 3319 judicabant
1023 3238 1249 3299 bellum
1292 3260 1366 3299 eo
1407 3238 1503 3299 die
1540 3238 1697 3300 finiri
1723 3241 2002 3321 potuisse.
2089 3239 2214 3300 Sed

298 3338 507 3400 omar
540 3338 695 3397 alias
730 3336 911 3415 legati
948 3345 1129 3417 atque
1168 3337 1543 3417 imperatoris
1582 3346 1784 3419 partes
1819 3358 1945 3398 ene
1969 3337 2214 3398 demon·
2345 3326 2352 3335 ’

295 3444 511 3507 straus,
552 3432 699 3493 nihil
738 3454 779 3493 a
820 3432 997 3513 Sylla
1032 3442 1245 3514 praeter
1282 3434 1572 3494 rationem
1611 3434 1836 3495 factum
1874 3455 2000 3495 esse
2037 3434 2217 3495 dicti-

298 3533 489 3593 tabat.
576 3530 701 3591 His
748 3530 1023 3591 omnibus
1076 3529 1295 3610 praeliis
1346 3550 1461 3591 non
1518 3530 1680 3591 ultra
1719 3532 1930 3610 viginti
1979 3550 2218 3591 suorum

298 3628 659 3691 dedderavit
702 3628 932 3699 Caesar,
976 3646 1113 3688 cum
1160 3647 1238 3686 ex
1288 3627 1680 3708 Pompeianis
1729 3629 1809 3689 ad
1861 3627 2052 3688 millia
2095 3626 2216 3687 duo

296 3726 669 3789 cecidissent.
712 3724 839 3785 Sed
864 3726 925 3785 in
952 3724 1205 3785 castello
1234 3724 1489 3785 Minucii
1516 3745 1690 3785 nemo
1714 3724 1966 3785 militum
1993 3726 2216 3785 intacto

302 3844 547 3907 consone
592 3822 838 3884 relictus
882 3830 1003 3883 est:
1048 3829 1419 3901 quatuorque
1464 3823 1836 3883 centuriones
1875 3843 1954 3882 ex
1997 3844 2074 3884 ea
2113 3842 2214 3884 co·

302 3923 471 3984 horte
500 3920 887 4005 perdiderunt
906 3919 1131 3978 oculos.
1219 3918 1423 3978 Millia
1446 3920 1793 3997 sagittarum
1819 3920 2054 3979 circiter
2075 3940 2218 3979 cen-
2237 3929 2436 3979 Sueten.

304 4030 427 4081 tum
463 4019 731 4097 triginta,
756 4036 894 4096 quae
926 4016 1167 4076 fuerant
1202 4016 1280 4074 ab
1314 4016 1582 4078 hostibus
1620 4018 1779 4076 intra
1814 4016 2042 4077 vallum
2085 4017 2218 4095 ejus

308 4116 561 4197 prmidii
586 4116 882 4193 conjecta,
904 4113 1128 4173 Caesari
1154 4122 1695 4173 renumeraverunt.
1765 4114 2040 4180 Quarum
2067 4133 2218 4173 unus
2243 4121 2371 4181 Caes.

308 4215 409 4275 ille
428 4212 649 4273 Scoeva
672 4230 947 4289 magnum
970 4230 1277 4270 numerum
1300 4216 1645 4290 exceperat,
1667 4219 1837 4270 scuto
1857 4210 2018 4269 illius
2041 4230 2220 4291 supra

310 4320 544 4372 eentum
572 4308 785 4387 viginti
809 4306 1194 4367 foraminibus
1217 4306 1507 4367 confosso.
1584 4306 1788 4372 Quem
1813 4308 1893 4367 ob
1921 4308 2218 4387 egregiam
2243 4327 2376 4377 Plut.
2429 4324 2543 4375 vn.

310 4412 609 4480 virtutem,
650 4416 717 4467 et
750 4405 1179 4481 commilitones
1218 4405 1279 4464 in
1320 4424 1539 4484 magua
1581 4407 1956 4467 veneratione
1997 4406 2218 4467 habue-
2243 4394 2377 4442 ³¹⁸¹·
2414 4390 2543 4441 5¹⁰¹·
