3300 5234
810 492 988 561 499ss
1155 459 1162 469 ἱ
1754 512 1825 562 τ.
1876 512 2067 561 mvn
2192 452 2195 456 V

1135 662 1356 715 serunt.
1441 654 1513 715 L.
1559 653 1890 715 Mummius
1930 656 2199 715 tribnrms
2238 653 2451 736 plebis,
2489 662 2703 735 praeter
2737 654 2862 716 alia
2903 676 3045 737 qua:

1135 750 1396 815 studiose
1425 774 1532 835 pro
1566 753 1857 814 Cicerone
1890 752 2297 825 factitaverat,
2322 754 2503 813 etiam
2543 751 2780 834 plebem
2812 750 2891 813 ad
2915 774 3047 815 ves-

1137 857 1259 909 tem
1277 850 1622 911 mutandam
1641 860 1735 911 est
1758 850 2105 912 adhortatus
2128 870 2143 910 :
2172 848 2334 930 quod
2356 858 2657 911 senatores
2680 849 2887 911 itidem
2914 850 3043 932 ple-

846 951 954 1003 cic.
973 952 1029 1001 in
1135 946 1304 1025 rique
1330 946 1616 1020 fecerunt,
1643 935 1837 1007 donec
1870 946 2069 1007 edicto
2100 946 2409 1007 consulum
2445 946 2523 1017 ad
2554 947 2827 1007 vestitum
2854 947 3045 1008 redire

809 1016 978 1133 {iam
997 1022 1049 1068 ⁸·
1137 1044 1429 1125 compulsi
1455 1053 1614 1105 sunt.
1698 1044 1904 1123 Major
1929 1046 2089 1107 enim
2113 1044 2579 1105 adventu-iorum
2600 1045 2869 1125 potentia
2890 1044 3045 1106 fuit-2

1137 1151 1220 1213 et,
1249 1143 1665 1203 intercessione
1688 1143 1949 1215 sublata,
1988 1161 2193 1224 parum
2221 1142 2291 1201 L.
2323 1140 2601 1201 Mummii
2625 1140 2869 1204 valebat
2899 1161 3045 1203 auc-

1138 1240 1379 1301 toritas:
1427 1250 1492 1301 et
1525 1240 1755 1319 equites
1791 1260 1896 1321 per
1940 1239 2271 1300 Gabinium
2314 1238 2618 1300 consulem
2653 1237 2820 1298 aditu
2862 1240 3051 1299 curioe

845 1345 908 1393 ci
893 1360 952 1394 1.c
981 1345 1034 1393 in
1135 1348 1273 1397 sunt
1291 1338 1611 1419 prohibiti:
1643 1338 1861 1400 Lucius
1879 1339 2061 1399 etiam
2082 1338 2277 1397 AElius
2298 1335 2529 1407 Lamia,
2548 1336 2709 1417 quod
2728 1338 3047 1398 vehemen-

810 1408 936 1538 ἐξ·
937 1414 1118 1525 ‘²⁸32‘-
1137 1436 1257 1495 tius
1281 1436 1596 1505 institerat,
1631 1435 1961 1514 relegatus.
2009 1435 2375 1496 Hortensius
2396 1444 2461 1494 et
2485 1434 2696 1505 Curio,
2735 1434 2813 1495 ad
2840 1436 3048 1516 populi

813 1554 857 1588 c.
885 1543 965 1589 12.
979 1546 1032 1587 et
1138 1532 1484 1596 ooncionem
1509 1552 1549 1593 a
1589 1532 1811 1594 Clodio
1848 1534 2023 1614 rapti,
2060 1553 2167 1614 per
2194 1533 2462 1593 homines
2486 1532 2565 1591 ad
2594 1532 2655 1592 id
2683 1542 3049 1613 praeparatos

812 1602 1034 1720 Ῑζῖἕω·
1137 1629 1526 1689 contumelias
1547 1636 1612 1689 et
1635 1630 1905 1701 verbera,
1926 1638 2215 1710 suscepta:
2234 1629 2547 1708 legationis
2588 1629 2917 1710 wamiam,
2954 1650 3050 1690 re·

816 1729 932 1781 1)ιι.ο
1142 1726 1422 1787 tulerunt.

812 1812 856 1860 Ρ
859 1813 949 1864 ¹⁰²·
972 1812 1078 1863 0³⁰·
1220 1828 1364 1883 116.
1408 1822 1623 1901 Igitur,
1653 1824 1827 1883 rebus
1874 1815 1973 1884 ad'
1994 1833 2263 1884 extrema
2300 1810 2595 1895 deductis,
2638 1822 2855 1884 Cicero
2896 1823 3049 1905 ipse,

936 1948 942 1953 ·
1140 1928 1248 1981 aut
1269 1940 1373 2000 per
1397 1922 1620 1981 amicos
1646 1920 1942 2001 Pompeio
1966 1919 2361 2001 supplicabat.
2446 1920 2586 1991 Ille,
2612 1940 2735 2001 quo
2759 1920 3050 2002 pudorem

1139 2016 1404 2096 improbe
1427 2015 1648 2077 deserti
1687 2015 1865 2077 amici
1890 2016 2101 2077 saltem
2140 2017 2413 2078 absentia
2436 2024 2681 2096 tegeret,
2706 2017 2769 2076 in
2794 2016 3053 2078 Albano

1139 2112 1417 2192 degebat.
1503 2113 1599 2173 Eo
1642 2113 1897 2194 primum
1938 2112 2243 2175 Ciceronis
2288 2134 2466 2192 gener
2506 2113 2583 2175 C.
2613 2114 2789 2185 Piso,
2830 2112 3050 2176 deinde

1139 2208 1264 2289 ipse
1291 2230 1528 2290 quoque
1569 2207 1786 2269 Cicero
1810 2209 2009 2280 venit:
2054 2229 2191 2269 cum
2232 2209 2336 2269 ille
2368 2212 2625 2271 hominis
2647 2219 2785 2271 ante
2810 2211 3050 2271 amicis-

1137 2304 1293 2377 simi,
1321 2314 1382 2365 et
1405 2307 1509 2385 qui
1534 2326 1641 2387 pro
1664 2326 1727 2365 se
1756 2305 1975 2366 multas
1996 2306 2401 2367 contentiones
2422 2308 2792 2387 suscepisset,
2816 2306 3053 2367 vultum

1143 2422 1259 2461 non
1285 2404 1600 2473 sustinens,
1629 2422 1706 2462 ne
1733 2402 1793 2463 in
1818 2412 2193 2483 conspectum
2220 2404 2471 2475 veniret,
2500 2424 2603 2485 per
2626 2403 2779 2464 alias
2802 2402 2965 2465 fores
2988 2424 3052 2465 se

849 2494 956 2571 (Jic.
977 2494 1027 2543 in
1138 2497 1445 2560 subduxit.
1529 2498 1845 2561 Postremo
1890 2488 2267 2561 accesserunt
2306 2498 2385 2560 ad
2444 2520 2579 2561 eum
2643 2501 2713 2560 L.
2762 2500 3055 2562 Lentulus

815 2558 919 2609 P²³’
942 2577 986 2613 ⁰⁰
1007 2564 1091 2619 ⁸¹⁴
1137 2600 1262 2654 tum
1288 2605 1524 2676 praetor,
1556 2595 1640 2663 Q.
1672 2594 1895 2656 Fabius
1922 2594 2147 2675 Sanga,
2174 2606 2343 2657 etex
2368 2596 2775 2658 consularibus
2800 2596 2872 2659 L.
2898 2596 3051 2659 Tor·

1140 2702 1377 2772 quatus,
1408 2693 1502 2752 M.
1531 2692 1834 2753 Lucullus.
1918 2692 2042 2753 Sed
2077 2696 2297 2755 remissi
2331 2704 2469 2755 sunt
2498 2694 2575 2755 ad
2617 2695 2912 2765 consuleS,
2944 2716 3051 2756 ne·

1141 2797 1318 2866 gante
1345 2788 1665 2871 Pompeio,
1708 2798 1727 2826 ‘
1756 2811 1842 2861 se,
1880 2792 1992 2850 nisi
2023 2790 2275 2852 relatum
2314 2812 2388 2852 ea
2422 2792 2499 2853 de
2536 2813 2621 2864 re,
2662 2803 3051 2873 senatusque-

1139 2884 1473 2945 consultum
1511 2886 1738 2947 factum
1778 2896 1953 2959 esset,
1992 2908 2159 2949 arma
2196 2888 2548 2969 capturum.²
2631 2887 2765 2949 Itur
2802 2888 2879 2949 ad
2904 2910 3051 2951 con-

1139 2983 1318 3054 sules,
1343 3002 1593 3065 quorum
1619 3003 1739 3043 non
1764 2993 1891 3043 erat
1916 2986 2120 3065 ignota
2139 2983 2437 3066 Pompeio
2458 2987 2770 3047 sententia.
2854 2985 3052 3047 Gabi-

813 3093 946 3142 Plut.
1141 3082 1274 3141 nius
1311 3081 1536 3142 duriter
1579 3081 1932 3163 respondet:
1992 3082 2183 3143 lenius
2232 3084 2292 3144 in
2344 3086 2625 3165 speciem,
2680 3084 2785 3145 sed
2836 3084 3053 3145 eodem

850 3192 956 3267 (Jic.
978 3190 1030 3237 in
1049 3253 1062 3266 ⁶
1141 3180 1342 3239 animo
1385 3178 1453 3238 L.
1483 3178 1657 3251 Piso,
1702 3189 1720 3216 ‘
1750 3180 1894 3240 nihil
1936 3200 2087 3261 opus
2126 3201 2251 3241 esse
2286 3182 2699 3243 contentione:
2740 3202 2908 3262 posse
2940 3183 3052 3243 ite-

813 3256 919 3306 1³¹⁸·
996 3256 1044 3303 D
1049 3268 1116 3303 ¹⁰·
1141 3296 1269 3335 rum
1295 3297 1334 3337 a
1359 3276 1650 3337 Cicerone
1675 3278 1893 3338 servari
1916 3279 2368 3359 rempublicam,
2398 3280 2450 3338 si
2472 3278 2669 3339 cedat.
2752 3278 2845 3339 Ni
2870 3279 3053 3351 faxit,

1141 3370 1434 3433 infinitam
1459 3374 1708 3445 caedem,
1736 3383 1799 3434 et
1816 3376 1929 3456 ipsi
1956 3375 2300 3437 inevitabile
2327 3375 2655 3456 periculum
2678 3375 2824 3437 fore.
2828 3377 2845 3404 '

1227 3476 1364 3535 117.
1397 3470 1438 3530 J
1441 3491 1538 3531 am
1576 3470 1707 3532 dies
1732 3492 1769 3531 a
1797 3471 2019 3532 Clodio
2060 3471 2421 3553 perferenda:
2465 3472 2586 3551 legi
2619 3472 2786 3534 dicta
2819 3472 3053 3545 aderat,

1145 3574 1208 3626 et
1241 3568 1471 3639 concio,
1523 3588 1643 3649 quo
1685 3568 1911 3638 Caesar,
1950 3569 2053 3648 qui
2082 3570 2217 3649 jam
2258 3568 2577 3650 paludatus
2622 3569 2925 3651 profectus
2972 3592 3053 3631 ex

1149 3644 1320 3724 Urbe
1357 3664 1572 3737 fuerat,
1621 3665 1947 3736 interesset,
1980 3674 2153 3726 extra
2193 3668 2477 3747 pomoeria
2512 3667 2861 3729 habebatur.
2952 3668 3054 3729 Ibi

1147 3760 1417 3839 producti
1461 3761 1541 3823 ad
1581 3763 1867 3844 populum
1909 3762 2203 3837 consules,
2240 3774 2305 3825 et
2348 3765 2709 3845 interrogati,
2742 3764 2929 3847 fquid
2977 3765 3053 3826 de

849 3870 956 3922 Cic.
981 3871 1035 3919 in
1147 3856 1276 3937 lege
1301 3860 1642 3928 sentirent?
1700 3857 1854 3919 Piso
1884 3860 2264 3941 respondit,
2292 3880 2595 3941 nunqnam
2618 3862 2733 3923 sibi
2756 3862 3053 3943 placuiaee

708 3926 1064 3988 ‘Pismcfi

816 3999 937 4051 Dio
1141 3954 1616 4015 crudelitatem?
1660 3954 1961 4017 Gabinius
1984 3977 2103 4017 non
2130 3956 2479 4018 Ciceronem
2508 3958 2710 4029 modo,
2734 3958 2841 4019 sed
2866 3960 3052 4021 etiam

849 4064 960 4114 Cic.
977 4072 1092 4128 poet
1145 4054 1373 4133 equites
1393 4072 1465 4113 ac
1493 4062 1761 4113 senatum
1781 4054 2095 4115 incusavit.
2156 4052 2361 4114 Gaesar
2374 4055 2633 4117 deinde
2603 4077 2805 4136 jussus
2828 4056 3052 4126 dicere,

813 4129 957 4244 ὀὲ
939 4145 993 4179 ²¹¹
977 4078 1164 4184 Ρὲἓω·
1148 4148 1529 4220 Lentulum,
1557 4148 2029 4231 Cethegumque,
2057 4160 2123 4212 et
2146 4161 2371 4213 ceteros
2397 4154 2535 4232 jure
2560 4162 2799 4213 necatos
2824 4152 3051 4212 videri’

817 4258 888 4307 Di
872 4274 936 4309 ιο.
1147 4248 1462 4325 negavit:‘
1484 4268 1676 4329 neque
1696 4249 2006 4310 obscurum
2026 4250 2470 4329 cuiquamesse,
2496 4250 2643 4331 quid
2669 4250 2745 4310 de
2766 4272 2841 4311 ea
2866 4270 3051 4311 eausa
