3300 5234
774 573 951 641 51⁴4

784 2974 917 3024 Plut.

816 3168 925 3217 Cic.
944 3166 1009 3217 ad

784 3232 915 3283 rm·
932 3236 1087 3284 11³⁷·

784 3298 915 3347 Hirt.
938 3296 1053 3348 Dio.

782 3362 1025 3433 Appiani.-

783 3459 904 3518 Dio‚
924 3476 978 3527 p.
998 3464 1083 3513 86.

786 4052 865 4101 Id.
880 4066 933 4116 p.
953 4053 1039 4101 98.

1743 594 1815 645 Τ.
1859 596 2052 647 less

1098 738 1441 799 contemtim
1466 756 1505 799 a
1530 737 1774 801 casare
1796 740 2037 802 consule
2063 740 2320 814 habitus,
2347 739 2793 803 recordabatur.
2879 740 3006 822 Igi-

1102 843 1203 897 tur
1238 835 1409 897 multi
1448 856 1524 897 es
1556 838 1621 897 iu
1663 839 1959 901 sententia
1991 848 2181 910 erant,
2219 858 2338 899 nou
2375 848 2515 917 ante
2545 838 2928 901 dimittendos
2971 861 3008 900 a
3105 862 3110 870 ·

1102 931 1403 1013 Pompeio
1418 933 1734 1007 exercitus,
1751 954 1932 1015 qnam
1951 934 2156 995 Gaesar
2171 932 2476 1016 provincia
2498 934 2878 1007 decessinetz
2903 956 3008 999 cu—

1092 1030 1199 1108 jus
1230 1030 1559 1092 absentiam
1592 1040 1658 1091 et
1689 1032 1932 1113 spiritus
1975 1032 2170 1093 minus
2193 1031 2404 1094 civiles
2433 1032 2838 1094 vehementius
2875 1052 3010 1113 per-

1100 1126 1531 1215 horrescebat.
1614 1127 1928 1189 Adversus
1961 1128 2070 1189 hos
2099 1148 2238 1189 cum
2265 1127 2582 1209 pugnaudo
2607 1128 2754 1189 nihil
2779 1126 3010 1189 efficere

1104 1220 1291 1284 Curio
1314 1234 1535 1306 posset,
1560 1246 1637 1287 ue
1663 1226 1812 1308 quid
1831 1224 1986 1294 sorte
2009 1233 2219 1287 contra
2245 1225 2546 1287 Gaesarem
2567 1224 3006 1298 decerneretur,

1104 1338 1211 1400 pro
1250 1322 1558 1385 tribunitia
1597 1332 1892 1406 potestate
1932 1332 2204 1385 senatum
2241 1323 2485 1383 dimisit.
2565 1322 2720 1383 Tum
2759 1323 3014 1405 primu-

1102 1417 1257 1479 serio
1296 1418 1553 1481 doluime
1598 1420 1964 1503 Pompeium
2002 1420 2220 1492 ferunt,
2255 1419 2418 1501 quod
2456 1440 2590 1481 eam
2636 1428 3012 1501 potestatem,

1104 1534 1144 1574 a
1170 1514 1346 1596 Sylla
1368 1518 1798 1599 propemodum
1816 1518 2130 1590 abolitam,
2171 1516 2514 1577 restituendi
2545 1525 2752 1577 auctor
2781 1516 3011 1577 fuisset.

1108 1610 1285 1671 Nihil
1310 1613 1491 1692 igitur
1512 1613 1814 1675 decretum
1841 1614 1976 1687 nisi,
2003 1624 2024 1651 ‘
2051 1613 2314 1693 singulas
2335 1613 2594 1693 legiones
2618 1632 2657 1672 a
2683 1610 2932 1673 Caesare
2955 1620 3015 1671 et

1106 1707 1403 1789 Pompeio
1444 1712 1505 1771 in
1546 1706 1788 1792 Syriam
1819 1711 1900 1772 ad
1937 1710 2222 1773 Bibulum
2259 1710 2440 1783 mitti,
2487 1718 2724 1791 propter
2747 1677 3013 1806 ss’arthi-

1106 1826 1243 1867 cum
1261 1806 1489 1868 bellum
1518 1807 1908 1889 amplioribus
1929 1809 2122 1890 copiis
2147 1807 2462 1887 egentem!

1186 1909 1287 1965 15.
1330 1901 1481 1965 Non
1508 1903 1762 1966 fallebat
1781 1902 2084 1965 Guarem
2108 1905 2222 1965 hoc
2249 1904 2328 1964 ab
2351 1903 2606 1964 inimicis
2625 1903 2744 1982 agi,
2772 1910 2844 1963 ut
2867 1900 3014 1962 dua-

1070 1996 1085 2011 '
1106 2000 1219 2059 bus
1240 2000 1366 2082 ipse
1392 2000 1724 2081 legionibus
1739 2000 2111 2083 spoliaretur.
2181 2002 2426 2083 Quippe
2454 2000 2804 2083 Pompeius,
2829 2018 3014 2081 quam

1107 2106 1241 2179 post
1262 2098 1477 2159 Titurii
1502 2099 1740 2161 cladem
1761 2098 1838 2159 ad
1865 2098 2166 2160 euntem
2191 2100 2451 2170 miserat,
2479 2107 2765 2178 tanquam
2799 2116 2880 2157 ex
2909 2117 3016 2157 suo

1106 2213 1350 2255 numero
1394 2194 1599 2257 dabat.
1697 2194 1925 2256 Tamen
1971 2204 2034 2256 et
2071 2194 2226 2255 hanc
2267 2196 2493 2256 remisit
2527 2196 2922 2263 incuntanter,
2959 2202 3020 2253 et

1106 2310 1184 2350 ex
1210 2294 1331 2352 suis
1352 2290 1940 2373 quintamdecimam,
1967 2312 2150 2373 quam
2185 2292 2248 2351 iu
2285 2290 2498 2352 Gallia
2523 2291 2796 2353 citeriore
2821 2290 3016 2349 habu-

1104 2398 1253 2451 erat.
1353 2390 1654 2451 Militibus
1696 2389 1955 2451 ducenos
1999 2390 2448 2470 quinquagenos
2493 2388 2806 2449 denarios‘
2853 2386 3018 2447 dono

1107 2485 1296 2550 dedit.
1380 2487 1521 2548 Hos
1556 2489 1662 2569 qui
1688 2486 2086 2556 adduxerant,
2129 2484 2272 2547 dolo
2303 2507 2380 2547 an
2411 2485 2670 2547 stultitia
2699 2486 3018 2555 incertum,

1106 2586 1254 2645 mire
1294 2584 1702 2667 deprimebant
1742 2584 2066 2645 Caesarem.
2151 2594 2170 2622 ‘
2195 2583 2376 2645 Nihil
2399 2604 2473 2645 eo
2499 2582 2660 2665 apud
2687 2582 3018 2643 exercitum

1105 2680 1367 2742 odiosius
1390 2702 1539 2754 esse,
1574 2682 1806 2743 cunctis
1836 2680 2014 2741 finem
2047 2679 2338 2753 laborum,
2373 2689 2754 2761 conspectum
2781 2680 3018 2761 patrioe,

1106 2786 1171 2837 et
1194 2779 1273 2838 ab
1296 2778 1579 2839 diuturna
1602 2778 2008 2840 dominatione
2032 2778 2372 2839 libertatem
2399 2786 2464 2838 et
2485 2779 2674 2838 otium
2697 2776 3020 2857 respicien-

1108 2876 1302 2937 tibin:
1340 2896 1532 2957 neque
1568 2876 1865 2949 dubitare,
1903 2876 2252 2937 transituum
2285 2875 2365 2937 ad
2393 2874 2752 2957 Pompeium
2777 2873 3020 2933 uuiver-

1110 2992 1227 3045 sos,
1250 2972 1427 3033 simul
1468 2982 1649 3054 atque
1689 2972 1920 3035 reducti
1961 2973 2024 3045 iu
2065 2972 2314 3046 Italiam
2353 2972 2588 3032 forent!
2670 2970 2750 3032 Id
2775 2990 3020 3052 quoque

1110 3070 1591 3149 negligentiorem
1616 3070 1822 3132 effecit
1847 3068 2232 3152 Pompeium,
2271 3079 2492 3132 cuncta
2523 3070 2660 3141 sibi,
2701 3068 2879 3129 simul
2905 3088 3020 3129 an-

1110 3168 1353 3239 uuinet,
1406 3166 1699 3248 proclivia
1765 3165 1891 3229 fore
1953 3168 2413 3228 existimantem.
2507 3166 2820 3245 Legiones,
2871 3169 3022 3249 quia

1110 3262 1329 3323 Parthi
1378 3266 1684 3326 recessisse
1727 3264 2174 3336 nuntiabantur,
2235 3272 2480 3325 retentae
2529 3264 2912 3326 nihilominus
2953 3265 3018 3327 iu

1111 3356 1318 3434 Italia,
1348 3360 1577 3443 Capuae
1604 3362 1977 3443 hyemarunt.

1186 3464 1289 3519 16.
1331 3456 1619 3538 Namque
1667 3458 1926 3519 Bibulus
1964 3459 2282 3540 provinciae
2317 3477 2440 3519 suae
2475 3478 2708 3539 pacem,
2751 3456 3021 3519 conflato

1106 3556 1261 3617 iuter
1299 3554 1567 3615 Parthos
1604 3554 1770 3617 civili
1811 3553 1998 3628 bello,
2039 3563 2474 3638 procuraverat.
2557 3554 3022 3637 Oruodapsntes

1104 3660 1368 3733 satrapa,
1414 3651 1662 3713 infestum
1695 3654 1820 3733 regi
1847 3652 2066 3725 Orodi,
2095 3662 2164 3713 nt
2187 3661 2490 3735 receptum
2514 3651 2673 3735 apud
2700 3651 3022 3713 Romanos

1106 3748 1375 3821 haberet‚
1410 3768 1548 3809 cum
1577 3748 1808 3811 Bibulo
1835 3752 2156 3835 amicitiam
2182 3751 2536 3811 instituerat.
2623 3748 2812 3811 Hunc
2837 3750 3022 3828 igitur

1106 3846 1329 3907 crebris
1350 3846 1571 3906 nuntiis
1596 3846 1855 3928 impulit,
1879 3857 1969 3921 ut,
1991 3847 2234 3909 Pacoro
2261 3866 2398 3928 rege
2421 3848 2766 3919 constituto,
2787 3845 3018 3909 bellum

1112 3942 1305 4004 Orodi
1329 3943 1571 4005 faceret.
2432 4004 2441 4013 .

1174 4046 1295 4103 ,1¹7.
1336 4040 1435 4099 At
1458 4040 1668 4101 Caesar
1703 4060 1896 4121 neque
1931 4040 2200 4102 lubenter
2235 4043 2529 4123 positurus
2553 4040 2888 4121 imperium,
2915 4041 3016 4101 cui

1108 4142 1233 4195 tam
1256 4133 1360 4196 diu
1386 4139 1746 4211 assuererat,
1771 4146 1857 4210 et,
1891 4138 1944 4199 si
1975 4137 2320 4219 deponeret,
2359 4139 2416 4198 in
2449 4146 2742 4221 potestate
2781 4135 3018 4197 futurus

1174 4390 1197 4417 ε
1230 4380 1450 4433 Ducena·
1490 4385 1847 4449 quinquagenos
1879 4384 2126 4451 denarios]
2159 4386 2368 4437 Marcus
2390 4386 2595 4453 argenti
2621 4394 2816 4454 ternas,
2833 4384 3012 4439 uncias

1110 4450 1164 4497 7.
1188 4461 1395 4512 grossos
1418 4453 1465 4503 2.
1503 4452 1646 4501 Creo.
