3300 5234
852 603 1061 652 mum
1109 601 1271 653 σιιι.
1314 601 1964 668 surrmunmuu.
2357 589 2534 656 ⁴985

298 741 627 824 Pompeius
678 743 907 824 aliquid
956 727 1204 807 novaret
1254 765 1359 827 per
1420 743 1775 819 Gabinium,
1824 745 2202 806 l'oedissimum
2228 755 2360 834 Dio..

298 839 665 901 adulatorem
702 861 895 914 suum,
934 842 1035 922 qui
1061 841 1271 902 consul
1308 845 1367 902 in
1409 853 1750 923 sequentem
1777 863 1998 904 anuum
2024 843 2202 904 desti·
2229 824 2459 939 Αὲξζωὸ

296 939 567 999 nubatur.
652 937 795 1020 Ipse
823 937 1210 1020 Calpurniam
1256 938 1451 1010 duxit,
1490 948 1559 999 ut
1582 948 1811 1021 patre'm
1835 943 1968 1020 eJus
1994 941 2064 1001 L.
2089 941 2204 1002 Pi·
2228 961 2280 999 et
2297 903 2492 1030 ἕρῖιιρ..
2489 895 2531 938 t.

294 1055 518 1106 sonem,
544 1055 727 1115 quem
750 1035 1007 1096 alterum
1043 1035 1261 1098 facturi
1300 1036 1603 1098 consulem
1642 1045 1836 1108 erant,
1862 1037 1976 1098 bac
2015 1037 2204 1098 affini·
2228 1017 2442 1133 appan.

294 1139 417 1193 tate
450 1133 827 1214 pignoratum
852 1133 1129 1194 haberet:
1172 1153 1293 1194 nou
1330 1132 1740 1195 dissimulante
1782 1133 2038 1206 Catone,
2067 1133 2206 1196 tali-
2228 1146 2362 1196 Plut.

296 1228 655 1311 bus‘nuptiis
675 1228 879 1290 dotem
906 1249 945 1289 a
966 1229 1275 1311 republica
1312 1229 1621 1312 imperium
1646 1239 1712 1290 et
1733 1231 2034 1292 exercitus
2055 1230 2204 1292 dari.

295 1324 451 1386 Post
472 1325 635 1386 banc
658 1323 1002 1386 affinitatem
1024 1325 1231 1388 Caesar
1250 1327 1309 1386 in
1330 1335 1537 1387 senatu
1566 1325 1928 1407 Pompeium
1955 1328 2205 1409 primum
2229 1341 2429 1391 Sueten.

294 1423 647 1484 sententiam
672 1443 879 1502 rogare
903 1425 1103 1505 coepit,
1128 1443 1265 1484 cum
1299 1423 1393 1484 Μ.
1423 1422 1706 1484 Crassum
1743 1423 1992 1485 soleret:
2034 1425 2208 1504 cujus
2231 1405 2490 1520 ιθὶῗθη·

296 1521 377 1580 rei
402 1520 695 1580 rationem
732 1521 963 1580 senatui
996 1519 1360 1580 reddendam
1400 1521 1660 1601 putavit,
1684 1522 1830 1600 quia
1853 1521 2030 1582 moris
2055 1530 2206 1594 erat,
2229 1507 2429 1586 Su’etmi.

296 1624 362 1675 ut
383 1637 563 1696 quam
590 1617 725 1697 quis
748 1618 996 1696 rogandi
1020 1618 1343 1679 sententias
1372 1617 1670 1678 Kalendis
1707 1617 2014 1680 ,Ianuariis
2037 1619 2204 1682 iusti-

296 1713 500 1773 tuisset
522 1713 813 1786 ordinem,
839 1734 975 1776 eum
1000 1723 1127 1776 toto
1152 1735 1311 1776 anno
1351 1725 1652 1777 servaret:
1697 1715 1757 1776 id
1784 1737 2024 1797 quoque
2051 1735 2206 1778 novo

294 1830 475 1882 more,
490 1831 631 1870 cum
654 1811 801 1872 olim
820 1813 924 1892 qui
946 1814 1217 1894 princeps
1234 1813 1297 1874 in
1319 1821 1587 1873 senatum
1612 1821 1768 1874 esset
1787 1812 2000 1885 lectus,
2025 1815 2204 1876 etiam
2259 1798 2483 1916 A·¹‘g⁰¹e¹t·

294 1911 603 1969 sententiae
630 1908 903 1969 dicendae
930 1919 1087 1970 esset
1106 1911 1403 1992 princeps.
1805 1949 1813 1955 -
2229 1881 2344 1978 zv.
2365 1902 2417 1980 τ’.

374 2011 475 2065 88.
518 2003 627 2064 Ne
666 2006 754 2065 sic
796 2005 1037 2085 quidem
1072 2007 1327 2066 mutavit
1358 2006 1710 2067 sententiam
1753 2007 2034 2079 Bibulus,
2061 2009 2204 2087 quin
2229 2017 2348 2068 Dio.

294 2121 409 2182 ope
434 2103 615 2164 trium
638 2104 1009 2186 tribunorum
1043 2103 1258 2184 plebis,
1303 2101 1422 2162 Cn.
1452 2102 1732 2175 Domitii,
1772 2105 1856 2172 Q.
1886 2104 2204 2177 Ancharii,
2229 2085 2370 2198 83ξὶ
2381 2100 2534 2204 «¹:²23.

296 2197 373 2258 C.
400 2197 643 2271 Fannii,
668 2198 968 2271 suffultus,
994 2198 1183 2278 legem
1211 2198 1519 2281 impediret
1554 2207 1727 2261 tanta
1752 2201 2111 2281 pervicacia,
2141 2210 2210 2263 ut
2229 2211 2345 2265 Dio.

292 2296 611 2356 consumtis
633 2296 911 2357 omuibus
933 2315 1113 2356 morae
1140 2297 1357 2367 causis,
1384 2296 1465 2356 ad
1502 2305 1833 2357 extremum
1861 2299 1922 2356 iu
1945 2296 2208 2376 singulos

290 2392 633 2453 consulatus
656 2394 747 2454 sui
774 2393 1031 2475 reliquos
1052 2392 1183 2454 dies
1202 2392 1383 2454 ferias
1400 2392 1686 2455 indiceret
1709 2415 1724 2454 :
1769 2415 1844 2454 ne
1867 2387 2026 2455 enim
2045 2394 2209 2456 feriis

291 2489 477 2550 eoiret
522 2490 801 2571 populus,
846 2491 1083 2570 legibus
1122 2491 1459 2554 vetabatur.
1544 2490 1668 2552 Sed
1724 2490 1954 2561 Caesar,
2005 2502 2206 2573 spreto

294 2583 543 2659 Bibulo,
572 2587 954 2647 nihilominus
978 2587 1253 2669 praedixit
1274 2588 1532 2649 comitiis
1556 2588 1706 2668 legis
1728 2587 1988 2650 ferendae
2024 2609 2206 2650 causa

290 2681 449 2743 diem
470 2703 493 2743 ε
554 2685 733 2765 inque
774 2684 931 2764 idem
977 2693 1211 2767 tempus
1249 2685 1602 2768 Pompeius,
1640 2690 1776 2767 jam
1820 2685 2006 2747 ducta
2037 2686 2206 2748 Julia
2259 2709 2393 2759 Plut.
2406 2709 2534 2760 cg..
2575 2740 2578 2750 .

294 2777 549 2840 Gaesaris
572 2802 771 2860 gener,
798 2784 1041 2844 armatis
1068 2783 1302 2843 Urbem
1329 2783 1752 2866 compleverat.
2226 2784 2278 2823 θ’
2297 2775 2478 2840 1³⁰⁰?-

372 2885 475 2940 89.
518 2879 726 2940 Affuit
758 2888 823 2939 et
858 2879 1142 2952 Bibulus,
1180 2881 1603 2961 instigantibus
1630 2883 1920 2962 patribus,
1946 2883 2050 2964 qui
2093 2882 2200 2943 do-
2260 2889 2472 2955 Appium.

286 2995 453 3036 mum
478 2976 743 3038 consulis
767 2987 1071 3050 venerant,
1100 2978 1286 3057 quod,
1326 2978 1515 3038 altero
1552 2978 1910 3060 impediente
1935 2979 2202 3053 consule,
2226 2955 2338 3006 ck·
2357 2970 2420 3006 ¹¹·

292 3075 613 3136 convocari
638 3083 877 3134 senatus
902 3076 1229 3155 nequibat3
1274 3083 1343 3136 ut
1376 3071 1572 3157 potius
1606 3075 1804 3136 aliena
1829 3077 2202 3158 improbitate
2277 3153 2288 3168 1

290 3171 489 3232 victus
538 3191 690 3243 esse,
731 3192 911 3253 quam
952 3193 1061 3232 sua
1100 3183 1311 3255 sponte
1347 3193 1603 3234 coesasse
1630 3173 1972 3246 videretur:
2015 3183 2076 3234 et
2099 3195 2206 3254 per

289 3266 537 3330 densum
564 3269 1027 3344 multitudinem,
1048 3291 1183 3352 quae
1204 3273 1362 3332 sicas
1382 3273 1493 3330 sub
1512 3272 1776 3332 vestibus
1797 3271 1992 3332 ferens
2013 3271 2204 3332 forum
2285 3333 2297 3346 ,

294 3365 369 3426 de
395 3375 575 3426 nocte
600 3377 1017 3447 occupaverat,
1052 3367 1130 3429 ad
1165 3368 1353 3429 aedem
1382 3368 1674 3439 Castoris,
1706 3369 1960 3431 Lucullo
1985 3378 2048 3431 et
2074 3369 2196 3432 Ca·
2227 3333 2448 3464 Rffpm

288 3471 427 3523 tone
466 3463 910 3536 comitantibus,
950 3465 1295 3535 contendit:
1340 3465 1473 3526 aliis
1506 3467 1835 3527 reverentia
1874 3468 2201 3547 potestatis,
2227 3465 2270 3512 P
2275 3464 2536 3542 [ut-Pomp·

292 3559 518 3630 multis,
544 3563 687 3641 quia
712 3562 1067 3621 senteutiam
1093 3570 1347 3622 mutasse
1374 3562 1772 3634 crediderant,
1803 3563 1963 3625 viam
2006 3562 2200 3624 danti·
2229 3529 2347 3582 ”¹⁰⁸

291 3656 423 3716 bus.
510 3655 633 3718 Sed
668 3659 771 3718 ubi
798 3679 877 3718 ex
917 3661 1219 3740 superiore
1246 3659 1379 3720 loco
1410 3661 1756 3742 impugnare
1784 3659 1974 3739 legem
2001 3661 2200 3742 coepit,
2225 3691 2362 3740 Suet.
2382 3689 2502 3741 Dio,

288 3762 469 3814 tauta
493 3763 585 3814 est
606 3764 905 3815 commota
938 3755 1174 3828 seditio,
1212 3765 1279 3816 ut
1304 3757 1427 3838 ipse
1450 3756 1528 3817 de
1554 3755 1834 3836 gradibus
1857 3755 2198 3818 deturbare·
2228 3756 2444 3870 Assfim·

290 3859 411 3922 tur,
446 3853 741 3933 cophinus
776 3861 1035 3915 stercore
1064 3853 1321 3936 repletus
1354 3855 1413 3914 iu
1442 3863 1625 3935 caput
1650 3853 1910 3915 consulis
1935 3853 2199 3915 effunde·
2225 3827 2402 3950 1³0:ss
2421 3891 2476 3935 et

290 3957 479 4022 retur,
506 3948 697 4010 fasces
716 3949 1145 4032 frangerentur,
1166 3952 1337 4013 multi
1356 3953 1639 4014 comitum
1667 3961 1848 4032 atque
1874 3953 2028 4014 inter
2054 3952 2204 4013 alios
2228 3951 2340 4001 cat.

286 4045 415 4110 duo
438 4050 663 4109 tribuni
686 4049 1028 4112 verberibus
1048 4050 1503 4131 vulneribusque
1528 4047 1918 4111 afficerentur.

366 4153 476 4206 90.
522 4144 689 4206 Inter
730 4147 859 4208 haec
896 4147 1152 4208 Bibulus
1192 4149 1404 4228 insigni
1440 4149 1778 4209 constantia
1808 4145 2075 4208 nudabat
2096 4150 2200 4228 ,ᾔει-
2229 4153 2450 4224 Appia.

288 4243 527 4322 gulum,
564 4243 875 4318 offerebat,
901 4244 981 4306 ad
1005 4245 1234 4308 caedem
1261 4266 1478 4326 magna
1501 4267 1649 4308 voce
1677 4245 1970 4306 invitabat
1997 4242 2203 4330 (ἶπες,-

288 4341 375 4400 ris
396 4340 709 4413 satellites,
737 4352 755 4377 ‘
782 4342 916 4421 Ego
943 4343 1125 4415 vero,'
1166 4345 1460 4424 inquietae,
1504 4353 1521 4378 ‘
1546 4343 1595 4402 si
1616 4341 1938 4414 Caesarem,
1965 4351 2032 4402 ut
2037 4343 2204 4420 juste

291 4447 463 4518 agat,
492 4459 727 4499 movere
748 4459 1000 4518 nequeo,
1028 4440 1090 4502 id
1114 4441 1327 4503 saltem
1355 4439 1607 4502 efficiam
1634 4449 1704 4502 ut
1735 4460 1872 4501 mea
1895 4459 2052 4500 mors
2075 4457 2203 4502 sce·

419 4551 665 4616 mpla-et
692 4552 811 4604 γαν.
829 4553 959 4605 Clu.
1277 4553 1463 4604 Livius.
2265 4555 2326 4602 u
2361 4549 2398 4602 S
2461 4623 2477 4634 „
