3300 5234
812 590 1026 641 maru
1073 589 1257 646 cxv,
1298 589 1956 644 surranussn‘rum.
2303 657 2311 672 ι
2337 569 2518 640 5325

349 740 457 800 39.
497 731 747 797 Interim
772 742 835 796 et
860 733 1189 818 Pompeius
1214 737 1452 817 trajecit
1488 737 1553 798 in
1590 734 1979 818 Hispaniam,
2015 753 2186 794 usus-

270 851 387 913 que
412 834 748 906 occasione,
785 833 929 894 dum
956 835 1291 894 muneribus
1316 832 1532 895 dandis
1556 833 1778 896 Romae
1804 833 2010 896 Caesar
2031 840 2184 894 tem-
2243 831 2395 910 Λαυρ.
2413 833 2478 882 de

266 949 383 1012 pus
406 931 567 999 terit,
590 939 805 1012 proeter
828 951 992 1012 spem
1018 932 1281 992 omnium
1306 932 1472 992 brevi
1497 951 1746 1011 magnas
1767 931 1974 1012 copias
1999 929 2184 992 colle·
2211 897 2490 1014 3333}ss

268 1027 375 1108 git.
461 1025 654 1099 Nam,
690 1027 896 1088 favore
939 1038 1185 1109 paterno
1228 1028 1491 1108 adjutus,
1526 1048 1565 1088 a
1604 1026 1810 1088 multis
1845 1027 2187 1088 civitatibus
2212 1031 2274 1078 de
2295 1028 2459 1080 Instit.

266 1123 615 1186 societatem
652 1133 713 1185 et
751 1125 979 1186 auxilia
1016 1123 1389 1186 obtinuerat:
1434 1127 1650 1206 quibus
1675 1126 2012 1196 instructus,
2039 1123 2190 1184 alias
2213 1095 2346 1209 ἓξ

266 1221 329 1280 vi
368 1220 738 1301 adjungebat
765 1222 1056 1303 partibus.
1150 1221 1411 1303 Jamque
1460 1223 1890 1302 Carthaginem
1937 1219 2190 1282 Novam

264 1318 603 1390 obsidebat,
630 1337 767 1380 cum
794 1317 1061 1400 Scapula
1088 1328 1152 1380 et
1175 1322 1279 1400 qui
1306 1341 1446 1381 cum
1472 1341 1545 1381 eo
1574 1330 1747 1381 erant
1770 1320 2191 1400 imperatorem

265 1435 407 1477 eum
447 1426 817 1495 agnoverunt
834 1436 853 1485 ς
898 1416 1156 1477 vicissim
1204 1417 1355 1478 nibil
1394 1438 1513 1479 non
1551 1427 1615 1478 et
1650 1417 1949 1478 dicentem
1993 1425 2058 1476 et
2097 1415 2189 1477 fa-

264 1515 547 1584 cientem,
570 1534 689 1593 quo
714 1513 828 1574 sibi
855 1512 1334 1574 benevolentiam
1358 1515 1664 1574 hominum
1687 1523 1944 1596 pararet.
2006 1513 2190 1581 Quod

264 1610 533 1693 alioquin
572 1611 841 1692 abruptis
878 1610 1143 1672 consiliis
1179 1613 1601 1683 necessarium,
1642 1612 1724 1672 ab
1757 1611 1992 1690 ingenio
2018 1631 2188 1693 aspe-
2245 1625 2352 1676 Cic.
2376 1625 2440 1674 ad

264 1710 421 1770 riore
467 1718 533 1770 et
568 1709 789 1770 rustico
828 1718 1163 1770 extorserat
1202 1711 1386 1771 etiam
1424 1708 1831 1789 Allobrogum
1873 1707 2043 1787 fuga,
2085 1709 2190 1789 qui
2212 1691 2348 1806 fam·
2369 1705 2463 1741 Π·

267 1807 553 1869 Curionis
575 1807 809 1880 milites,
837 1807 1057 1868 deinde
1078 1807 1259 1872 Jubae
1294 1809 1543 1890 captivi,
1569 1817 1706 1890 post
1731 1809 1821 1868 ab
1857 1807 1972 1868 boc
1999 1807 2190 1868 Pom-
2213 1821 2334 1870 Dio.

266 1906 408 1990 peio
432 1905 729 1976 transditi,
754 1907 959 1966 nescio
992 1926 1175 1986 quam
1215 1909 1296 1967 ob
1334 1907 1645 1979 offensam,
1672 1906 1762 1967 ad·
1778 1907 1978 1967 hostes
2001 1914 2192 1965 trans*

268 2002 566 2082 fugerant.
650 2001 799 2064 Hac
825 2023 983 2064 nova
1007 2003 1379 2066 humanitate
1414 2004 1587 2065 multi
1615 2004 1797 2065 etiam
1825 2001 2032 2063 allecti
2053 2009 2196 2062 sunt

264 2120 345 2160 ex
373 2100 689 2161 hostilibus
712 2101 954 2162 castris:
982 2121 1185 2162 eorum
1211 2101 1470 2164 maxime
1496 2101 1601 2182 qui
1626 2100 1773 2161 olim
1797 2099 1909 2160 sub
1930 2097 2192 2160 Afranio

266 2185 692 2260 militaverant.

346 2301 453 2358 40.
495 2295 899 2358 Accesserant
943 2294 1179 2356 interim
1222 2303 1287 2356 et
1324 2315 1403 2355 ex
1452 2293 1676 2356 Africa
1713 2313 1852 2356 cum
1893 2292 2021 2366 alii,
2061 2302 2189 2355 tum
2216 2302 2429 2382 Appiam

268 2390 417 2454 Sex.
465 2392 797 2475 Pompeius
839 2393 1161 2473 Varusque
1200 2401 1265 2454 et
1312 2391 1633 2462 Labienus,
1677 2411 1717 2452 a
1759 2391 1977 2473 quibus
2012 2390 2190 2451 simul
2212 2369 2332 2420 ΒΨ·

266 2487 476 2550 classis
502 2491 685 2552 instar
711 2490 1036 2552 adductum
1064 2497 1175 2550 est.
1263 2489 1360 2549 Ea
1395 2499 1634 2570 quoque
1665 2509 1777 2560 res,
1805 2487 1969 2568 quod
2007 2487 2192 2549 frater

265 2595 535 2659 venerat,
568 2587 725 2650 vires
765 2589 973 2648 auxit:
1014 2605 1181 2668 spem
1216 2585 1597 2666 favoremque
1634 2585 1938 2646 bominum
1977 2604 2189 2646 accen·
2213 2599 2344 2649 Flor.
2367 2611 2441 2648 xv.
2463 2599 2517 2648 2.

264 2681 449 2746 (lente
474 2683 671 2757 fama,
688 2705 795 2766 pro
822 2706 941 2746 uno
966 2683 1117 2744 duos
1142 2693 1297 2744 stare
1324 2683 1688 2764 Pompeios:
1732 2680 1990 2762 ideoque
2015 2683 2190 2742 auxi·
2215 2696 2336 2747 Dio.

261 2780 353 2841 lia
398 2779 806 2843 diversissimis
856 2802 937 2842 ex
985 2781 1135 2841 locis
1176 2778 1576 2840 confluebant.
1683 2777 1810 2839 Sed
1835 2786 2192 2857 ‘surgentem

262 2877 421 2940 hanc
456 2886 521 2938 et
554 2880 828 2961 proxima
862 2897 1117 2959 quaeque
1153 2877 1615 2958 amplectentem
1650 2877 2003 2956 potentiam,
2041 2895 2190 2955 quo-

262 2975 520 3038 rundam
572 2975 859 3048 adventu,
909 2994 1061 3056 quos
1113 2973 1320 3034 Caesar
1366 2974 1755 3055 praemiserat,
1803 2991 2008 3053 sparsa
2047 2991 2191 3034 mox

264 3071 513 3134 affuturi
536 3072 701 3134 fama
724 3073 910 3134 stitit:
956 3073 1295 3152 Cnaeusque
1321 3069 1545 3132 diffisus
1569 3069 1691 3130 alia
1725 3069 1965 3130 retineri
1995 3089 2190 3150 posse,

261 3169 477 3233 relicta
502 3169 800 3231 maritima
824 3190 933 3230 ora
957 3171 1017 3231 in
1048 3168 1343 3229 Baeticam
1383 3188 1446 3228 se
1472 3166 1722 3248 recepit.
1803 3165 1902 3226 At
1925 3165 2079 3226 inter
2104 3165 2188 3226 P.

264 3265 504 3328 Varum
531 3275 595 3327 et
620 3265 697 3328 G.
726 3266 977 3327 Didium
1014 3264 1178 3326 haud
1206 3263 1411 3346 procul
1442 3263 1690 3324 Carteia
1727 3263 1788 3323 in
1827 3263 1957 3344 ipso
1981 3261 2192 3322 oceani

263 3365 421 3426 ostio
449 3373 822 3426 contractum
846 3362 1065 3424 navale
1102 3361 1396 3445 praelium,
1424 3381 1633 3444 repens
1657 3368 1983 3442 tempestas
2005 3355 2192 3420 etiam

263 3461 473 3522 effecit
512 3462 768 3522 tristius:
811 3462 899 3522 sic
946 3480 1185 3541 quoque
1232 3458 1527 3540 depressis
1569 3457 1775 3518 multis
1812 3477 1892 3517 ex
1937 3464 2190 3536 utraque

264 3556 459 3620 classe
486 3560 757 3619 navibus.
829 3557 1029 3618 Cessit
1053 3567 1251 3618 tamen
1276 3555 1503 3626 Varus,
1529 3554 1902 3635 objectisque
1929 3553 1990 3612 in
2017 3551 2190 3614 fauce
2215 3563 2347 3614 Flor.

264 3664 473 3736 portus
514 3657 810 3728 anchoris,
852 3657 1007 3716 inter
1044 3675 1171 3715 sese
1218 3652 1629 3734 inexplicabili
1675 3673 1834 3712 nexu
1869 3649 2189 3718 obvinctis,
2214 3628 2334 3681 Βία·

268 3755 465 3816 arcuit
516 3755 837 3834 ingressum
884 3752 1188 3815 hostilium
1243 3753 1508 3824 navium,
1548 3750 1871 3830 classisque
1909 3747 2193 3828 reliquias
2247 3793 2382 3841 Auct
2419 3793 2482 3842 de

261 3854 547 3924 servavit.
1350 3876 1357 3884 ³
2215 3857 2274 3906 Β.
2293 3857 2342 3906 Η
2347 3830 2439 3924 iai».

346 3959 451 4012 41.
497 3949 739 4011 Interea
760 3947 969 4009 Caesar
994 3947 1055 4007 in
1078 3945 1447 4028 Hispaniam
1472 3945 1637 4006 venit
1663 3940 2001 4004 admirabili
2026 3939 2186 4000 cele·
2210 3921 2426 4050 {gim-

263 4050 465 4120 ritate,
492 4058 557 4109 et
581 4047 742 4129 quod
771 4046 1119 4107 miraculum
1156 4053 1358 4124 auget,
1396 4043 1601 4102 iisdem
1634 4049 1866 4122 septem
1891 4048 1956 4099 et
1977 4037 2188 4116 viginti
2243 4053 2404 4102 strab.
2427 4071 2514 4107 m.

262 4147 501 4220 diebus,
554 4133 649 4208 tot
696 4146 855 4206 enim
900 4165 1013 4204 nec
1055 4143 1332 4226 amplius,
1384 4139 1591 4220 Roma
1635 4136 2038 4206 Obulconem,
2084 4134 2188 4194 ubi
2214 4132 2264 4181 P·
2291 4122 2406 4169 ¹⁶⁰·

2245 4181 2448 4234 Sueton-

262 4245 565 4308 axercitus
590 4251 741 4314 erat,
770 4243 1065 4324 pervenit,
1090 4247 1365 4322 poemate
1390 4236 1554 4320 quod
1590 4235 1932 4322 inscribitur
1972 4241 1991 4270 ‘
2023 4230 2187 4292 Iter'
2212 4247 2340 4297 σα.
2365 4255 2448 4300 sa.

264 4341 615 4424 composito.
701 4339 913 4400 Ullam
960 4337 1245 4420 oppidum
1273 4335 1391 4396 Cn.
1423 4333 1755 4414 Pompeius
1789 4340 1914 4392 tum
1955 4347 2186 4411 oppug·
2211 4312 2522 4445 Bffffiffip‘fsset

268 4440 459 4499 nabat
483 4439 563 4499 ab
600 4437 833 4519 aliquot
866 4436 1184 4504 mensibus.
1268 4432 1509 4495 Idcirco
1537 4431 1745 4492 Caesar
1769 4447 2009 4510 sperans
2030 4427 2184 4487 bene
2211 4441 2330 4497 Dio.
