3300 5234
840 592 1047 641 mmu
1098 592 1319 641 cvul.
1360 586 2010 643 SUPPOEMENTUH·

286 756 465 817 pme
480 734 689 797 clauso
704 736 981 817 operibus
994 734 1216 817 oppido
1230 736 1513 816 cognovit
1518 756 1539 807 ς
1563 756 1742 797 unam
1759 756 1924 819 spem
1943 736 2207 799 victoriae

287 832 351 892 in
368 852 447 895 eo
472 833 628 893 verti
646 832 922 905 credidit,
948 832 999 893 si
1014 852 1175 913 aqua
1190 834 1501 915 prohibere
1516 831 1850 915 oppidanos
1863 842 2080 915 pooeet.
2123 833 2210 893 Et
2241 854 2251 863 ·

284 928 541 989 flumine
567 930 833 1009 quidem,
860 929 1023 1009 quod
1050 930 1185 991 imis
1219 929 1523 991 radicibus
1544 932 1762 993 montis
1795 932 1884 995 ita
1907 929 2206 996 ferebatur

286 1036 359 1087 ut
382 1026 623 1086 nullam
650 1028 711 1085 in
738 1034 968 1108 partem
991 1025 1243 1087 derivari
1272 1036 1489 1109 posset,
1516 1048 1622 1109 per
1647 1028 1983 1107 sagittarios
2005 1026 2206 1090 fundi-

286 1132 573 1204 totaeque
596 1123 909 1204 prohibere
938 1144 1055 1183 non
1082 1132 1215 1185 erat
1234 1122 1497 1185 difficile.
1582 1124 1865 1187 Ceterum
1887 1125 1999 1185 sub
2025 1125 2208 1205 ipsius

284 1220 503 1301 oppidi
532 1220 841 1293 mnibus,
886 1218 1021 1297 fons
1060 1240 1311 1299 magnus
1334 1222 1774 1303 prorumpebat,
1811 1240 1990 1301 quent
2023 1221 2206 1281 adimi

286 1316 551 1377 obsessis
576 1336 771 1397 posse,
796 1336 935 1378 oum
958 1315 1177 1398 reliqui
1220 1325 1448 1378 tantum
1485 1326 1784 1399 optarent,
1812 1317 2019 1378 Caesar
2059 1337 2209 1377 unus

282 1412 464 1485 vidit,
492 1433 737 1493 remque
758 1411 1032 1473 effectam
1058 1411 1251 1474 dedit.

366 1516 477 1569 24.
522 1508 811 1590 Namque
837 1528 917 1570 ex
944 1510 1191 1571 adverso
1234 1507 1423 1577 fontis
1436 1508 1643 1571 vineas
1681 1512 1780 1590 agi
1823 1518 1888 1571 et
1931 1478 2204 1591 aggerem

284 1606 437 1665 strui
468 1607 691 1685 Jussit:
734 1614 798 1667 et
820 1626 1164 1686 quanquam
1186 1626 1267 1669 ex
1292 1606 1591 1687 superiore
1615 1606 1754 1667 loeo
1791 1607 1963 1668 inulti
1991 1608 2206 1669 milites

283 1704 782 1774 vulnerabantur,
810 1712 981 1764 tanta
1016 1712 1217 1765 tamen
1242 1705 1581 1764 constantia
1603 1703 1742 1777 fuit,
1770 1713 1837 1765 ut
1871 1726 2052 1785 agger
2069 1726 2203 1769 aex-

290 1801 505 1881 aginta
526 1801 749 1883 pedum
776 1800 1091 1863 altitudine
1118 1799 1465 1863 efficeretur.
1548 1800 1627 1861 In
1667 1819 1743 1863 ¹eo
1781 1803 1986 1866 turrim
2013 1804 2205 1866 erexit

286 1898 499 1960 Caesar
548 1898 947 1959 tabulatorum
1003 1898 1229 1961 deoem.
1340 1896 1445 1958 Ita
1494 1918 1613 1961 non
1657 1898 1899 1979 quidem
1945 1900 2203 1961 altitudo

284 1996 573 2057 moeniurn
598 1994 1049 2076 adaquabatun,
1075 1992 1239 2076 quod
1264 1994 1443 2055 nullis
1464 1996 1720 2057 obtineri
1746 1998 2027 2079 operibus
2063 2008 2196 2080 pot-

284 2103 457 2163 eratg
520 2090 631 2153 sed
677 2100 873 2155 tamen
923 2091 1105 2155 fontis
1163 2091 1466 2172 fastigium
1508 2092 1898 2156 vinoebatur.
1963 2094 2202 2176 telaque

2357 576 2531 649 5181
2592 681 2603 692 ²

282 2189 599 2251 tor-nentis
624 2189 703 2250 ad
726 2190 861 2270 ejus
885 2190 1113 2251 aditum
1154 2190 1309 2251 mitti
1334 2198 1633 2270 poterant,
1661 2210 1735 2253 ne
1773 2191 1900 2253 sine
1938 2192 2204 2273 periculo
2265 2204 2302 2255 F
2304 2210 2476 2259 ronan.

284 2284 707 2368 aquai-entur.²
790 2286 1021 2347 Eodem
1060 2296 1323 2368 tempore
1368 2287 1631 2349 cuniculi
1675 2288 1754 2349 ad
1794 2287 1976 2349 fontis
2015 2299 2278 2385 eaputH
2227 2272 2430 2323 &¹⁸²⁸
2435 2276 2532 2324 ¹··⁷

284 2392 589 2463 aguntur.
650 2385 825 2463 eujus
874 2385 959 2443 rei
1014 2382 1299 2465 oppidani
1358 2384 1565 2457 nescii,
1617 2393 1848 2445 tunm
1901 2386 2062 2493 quod
2122 2388 2202 2447 ob

284 2479 499 2543 oeulos
520 2488 655 2540 erat
679 2479 901 2542 malum
926 2479 1345 2541 formidabant.

362 2582 475 2637 26.
519 2576 719 2655 Igitur
744 2584 813 2637 ut
835 2576 948 2638 hoo
972 2584 1329 2647 averterent,
1354 2596 1541 2657 cupas
1564 2596 1732 2647 sevo,
1762 2578 1918 2657 pioe,
1940 2595 2013 2638 ao
2030 2598 2201 2639 soan-

282 2672 449 2733 dulis
476 2672 757 2753 repletas,
782 2686 847 2733 et
870 2674 1007 2753 igne
1031 2673 1313 2746 inmisso,
1338 2672 1399 2732 in
1420 2692 1607 2755 opera
1642 2672 2060 2735 Rornanorum
2095 2674 2200 2735 de-

282 2769 569 2831 volvunt.
631 2768 758 2840 Ibi,
780 2790 915 2829 oum
939 2768 1015 2829 ad
1042 2767 1471 2850 prohibendum
1494 2768 1829 2830 incendium
1853 2790 2202 2833 coneursum
2279 2794 2285 2801 ·

280 2875 466 2938 esset,
496 2884 637 2926 acre
674 2865 943 2945 prelium
978 2866 1215 2935 extitit;
1258 2885 1395 2925 oum
1435 2863 1748 2927 Romanos
1773 2866 1983 2937 virtus,
2029 2866 2200 2948 oppi-

282 2962 479 3023 danos
497 2961 669 3022 loeus
694 2962 1027 3042 adjuvaret.
1108 2959 1233 3021 Sed
1264 2961 1365 3022 ubi
1392 2960 1609 3021 multos
1640 2982 1878 3023 suorum
1905 2962 2202 3025 vulnerari

284 3057 499 3121 Cesar
520 3058 699 3129 vidit,
722 3077 801 3118 ex
842 3060 1003 3119 omni
1042 3066 1208 3138 parte
1248 3057 1455 3119 scandi
1484 3069 1740 3119 montem
1767 3078 1906 3119 cum
1943 3058 2202 3121 clamore

274 3157 477 3234 jubet.
568 3154 671 3215 Ita
694 3152 771 3215 ad
798 3154 1057 3235 speeiem
1083 3152 1607 3235 oppugnandorum
1628 3156 1904 3215 moenium
1944 3155 2200 3217 Uxello-

283 3253 585 3315 dnnenses
596 3252 811 3313 omino
836 3250 1041 3333 praelio
1066 3258 1349 3311 revocant
1368 3252 1426 3311 in
1450 3250 1738 3332 oppidum
1762 3261 2038 3325 umatus,
2051 3264 2114 3313 et
2139 3255 2199 3313 in

286 3352 543 3413 oirouitu
574 3349 721 3410 muri
758 3347 1122 3430 disponunt:
1166 3348 1481 3409 Romanus
1518 3350 1724 3429 iniqua
1755 3350 1949 3431 praelii
1993 3350 2200 3412 eondi-

285 3449 449 3510 tione
474 3448 785 3507 liberatur.
869 3444 949 3506 In
977 3446 1091 3507 boo
1124 3454 1307 3517 statu,
1326 3466 1463 3507 oum
1485 3446 1798 3527 oppidani,
1828 3448 1973 3509 licet
1995 3450 2200 3511 multis

282 3546 399 3607 sibi
426 3544 833 3628 pereuntibus,
860 3552 1061 3605 tamen
1087 3544 1445 3615 resisterent,
1475 3554 1715 3625 repente
1745 3545 1900 3617 fons,
1925 3567 2046 3626 quo
2069 3547 2201 3608 solo

288 3643 635 3712 utebantur,
674 3640 965 3701 cuniculis
1004 3641 1365 3722 interceptus
1402 3643 1660 3703 exaruit.
1743 3642 1842 3702 Ea
1883 3664 1998 3714 res,
2039 3644 2202 3725 quod

284 3760 407 3801 non
432 3738 681 3799 humani
706 3736 965 3808 consilii,
985 3736 1095 3797 sed
1123 3736 1387 3797 Deorum
1426 3738 1513 3799 ira
1544 3738 1832 3801 accidisse
1874 3749 2203 3821 putaretur,

292 3836 463 3897 velut
508 3834 799 3905 miraculo
834 3834 1205 3895 exanimavit
1245 3834 1477 3905 hostem
1522 3834 2002 3916 deditionemque
2043 3837 2202 3897 omni

288 3953 405 4013 ope
432 3930 735 3992 destitutis
758 3930 1074 3991 necessitas
1104 3930 1371 3991 extorsit.

366 4036 473 4091 26.
519 4027 728 4090 Ooesar
753 4028 1025 4091 omnibus
1045 4028 1153 4110 qui
1177 4048 1343 4091 arma
1366 4028 1625 4089 tulerant
1659 4032 1955 4111 amputari
1993 4052 2204 4095 manus

275 4128 481 4206 jussit,
510 4127 699 4187 vitam
722 4124 1001 4205 relinqui,
1028 4146 1105 4186 ne
1130 4144 1364 4206 poenam
1394 4146 1597 4187 eorum
1636 4144 1717 4186 ex
1753 4137 2074 4209 conspeetu
2109 4149 2201 4191 re-

288 4222 591 4305 liquorum
618 4232 939 4286 amoveret.
1024 4222 1165 4285 Nec
1190 4223 1349 4284 enim
1374 4222 1754 4297 erudelitate,
1787 4246 1826 4286 a
1852 4246 1977 4307 qua
2017 4226 2202 4308 pluri-

285 4340 451 4395 mum
476 4321 855 4391 abhorrebat,
894 4320 1255 4401 supplicium
1278 4320 1394 4381 boc
1422 4318 1804 4399 irrogaverat,
1843 4322 1949 4383 sed
1989 4324 2048 4383 in
2091 4344 2200 4385 ex·
2253 4328 2258 4331 ’

286 4418 577 4500 emplum,
603 4440 727 4501 quo
752 4418 935 4479 ceteri
960 4438 1001 4479 a
1026 4414 1369 4481 rebellando
1398 4419 1802 4481 retinerentur.
1859 4420 2016 4481 Cum
2043 4422 2200 4481 enim

768 4570 801 4616 2
835 4567 1107 4631 Amet-r
1128 4566 1407 4631 legebatur
1426 4574 1551 4619 ante
1574 4566 1730 4619 Crev.

2279 2348 2357 2389 ut.
