3300 5234
897 518 1109 568 minu
1160 516 1319 569 clx.
1364 518 2014 571 surranunnrurr.
2327 598 2332 603 ¹
2387 510 2564 577 5155

366 649 373 655 ’
414 668 517 721 44.
558 658 707 721 AJii-
732 661 1035 742 praeterita
1056 660 1444 742 objiciebant,
1476 684 1613 745 quae
1630 666 1765 744 jam
1790 664 2094 727 emendari
2119 682 2238 727 non
2293 679 2427 729 Plut.
2451 682 2566 731 eat.

330 766 641 840 poterant:
661 766 703 828 ,⁶
732 777 889 819 nunc
916 757 1059 819 dare
1084 760 1273 841 ipsum
1308 781 1513 842 poenas
1542 762 1724 843 spreti
1759 763 2121 843 optimorum
2148 765 2237 825 vi—
2261 756 2312 795 ⁶²
2333 746 2510 813 ¹²⁰¹¹²P⁰

329 876 523 915 rorum
548 854 804 927 consilii,
843 856 948 935 qui
984 854 1241 917 Cauris
1274 858 1597 919 amicitiam
1636 858 1753 939 ipsi
1793 860 2118 940 patriaeque
2142 859 2238 921 fu·

330 962 585 1015 natam,
618 952 745 1013 fore
806 952 1262 1033 praedixissent-⁹
1357 953 1522 1016 Haec
1581 957 1967 1037 exprobranti
2018 956 2238 1018 Catoni

332 1048 664 1129 Pompeius
708 1047 1034 1129 respondit,
1077 1056 1099 1087 ‘
1126 1049 1295 1111 illum
1338 1050 1549 1113 melius
1590 1052 1908 1123 divinasse,
1945 1073 2008 1113 se
2051 1054 2238 1132 egisse

332 1144 662 1226 simplicius
702 1154 767 1205 et
810 1146 1099 1207 amicius.’
1192 1147 1413 1209 Plures
1454 1150 1645 1221 erant',
1680 1168 1832 1229 quos
1873 1148 2240 1211 conditiones
2263 1158 2478 1222 Appium.
2578 1202 2587 1210 .

334 1240 593 1303 Caesaris
616 1262 732 1302 uon
758 1242 1061 1303 admisisse
1086 1244 1409 1324 poeniteret.
1471 1245 1764 1325 Plerique
1782 1266 1921 1307 cum
1940 1244 2240 1327 Pompeio
2262 1214 2394 1273 ΡΜ·

324 1337 815 1419 expostulabant,
858 1348 878 1375 ‘
906 1338 1052 1419 quid
1080 1339 1185 1411 ita,
1222 1358 1359 1401 cum
1388 1349 1543 1401 esset
1578 1350 1704 1402 tam
1729 1340 2022 1420 flagitiose
2051 1344 2238 1423 impa-
2296 1368 2402 1419 cic.
2417 1368 2481 1417 sd

334 1445 517 1507 ratus,
538 1436 890 1495 acerrimum
910 1435 1125 1497 ducem
1140 1437 1583 1517 exercitumque
1600 1447 1975 1519 provocasset
1984 1439 2030 1499 ’.Ρ
2070 1438 2239 1515 Nam
2261 1433 2350 1483 At‘
2355 1450 2468 1483 ·····
2486 1437 2569 1483 ¹⁵·

333 1533 627 1614 quaerenti
664 1530 735 1592 L.
763 1531 1055 1594 Volcatio
1093 1532 1274 1594 Tullo
1308 1535 1437 1595 viro
1476 1535 1797 1607 consulari,
1833 1544 1853 1571 ‘
1880 1535 2100 1616 ecquid
2133 1555 2240 1617 pa·
2261 1498 2569 1563 PlnaPomp.

332 1640 499 1691 ratas
520 1630 771 1691 baberet
804 1629 1013 1710 copias
1027 1630 1073 1687 ’.θ’
1110 1630 1452 1693 haesitanter
1481 1632 1887 1713 responderat,
1931 1641 1949 1669 ‘
1979 1632 2130 1695 duas
2153 1634 2240 1693 le-

334 1728 565 1806 giones,
600 1748 737 1808 quoe
772 1734 971 1787 essent
1010 1728 1201 1788 missae
1238 1749 1277 1789 a
1303 1729 1565 1801 Caesare,
1600 1738 1840 1811 paratas
1877 1750 2042 1791 esse:
2085 1731 2240 1791 arbi·

334 1824 478 1885 trari
520 1832 584 1884 et
606 1823 681 1885 de
720 1824 889 1884 novis
914 1822 1247 1885 delectibus
1271 1825 1533 1905 legiones
1564 1826 1826 1907 quinque
1853 1828 1986 1907 cogi
2032 1828 2244 1907 posse.’

334 1920 437 1983 Ibi
460 1920 830 2009 egelmavit
852 1920 1085 1993 Tullus,
1112 1932 1131 1958 ε
1158 1920 1464 2003 Deoepisti
1488 1943 1617 1994 nos,
1645 1924 1906 2005 Pompei
1929 1924 1970 1983 ι’
2027 1922 2244 2005 Nuper
2266 1909 2436 2023 1833
2450 1908 2512 2022 ἃς
2521 1980 2556 2024 ⁶

336 2020 495 2080 enim
538 2020 601 2079 in
647 2027 855 2080 senatu
884 2017 1143 2098 legiones
1176 2019 1395 2081 habere
1422 2042 1549 2081 sese
1584 2030 1826 2101 paratas
1863 2020 2072 2083 decem
2101 2042 2242 2083 con-
2295 2038 2570 2089 Placent.
2689 2062 2696 2069 ·

336 2116 697 2177 firmaverat.
760 2115 855 2175 Μ.
881 2114 1181 2177 Favonius
1200 2117 1445 2197 adjecit,
1472 2127 1492 2154 ‘
1516 2138 1672 2179 nunc
1693 2139 1818 2178 esse
1843 2128 2076 2199 tempus
2094 2118 2244 2201 pede
2265 2112 2320 2216 ἲ
2343 2102 2514 2180 Ppmp.

336 2212 708 2293 percutiendi
734 2222 947 2273 terram
967 2212 1007 2273 ε’
1040 2212 1203 2293 quod
1224 2212 1547 2295 aliquando
1554 2214 1966 2294 jactabundus
1988 2214 2245 2287 dixerat,
2313 2182 2482 2233 ppm.

338 2320 359 2349 ⁴
384 2310 493 2371 nbi
528 2309 683 2393 pede
722 2320 937 2371 terram
978 2309 1287 2392 pulsasset,
1336 2310 1567 2373 affatim
1610 2310 1948 2373 exsilituras
1979 2312 2246 2393 equitum

274 2414 281 2425 ‘
340 2406 725 2490 peditumque
766 2408 1012 2488 copias.'
2211 2462 2220 2469 .

415 2512 525 2566 45.
570 2503 655 2565 Et
687 2505 971 2579 vincebat
1008 2502 1113 2565 ille
1143 2503 1385 2584 quidem
1426 2503 1621 2565 adhuc
1663 2502 1962 2565 Caesarem
1990 2502 2244 2565 militum
2268 2510 2401 2561 Plut-
2421 2507 2550 2561 cen.

340 2622 613 2675 numero,
660 2602 961 2682 adjunctis
1003 2601 1547 2683 Hispaniensibus3
1600 2601 1710 2663 sed
1753 2622 1792 2663 a
1827 2602 1951 2661 suis
1986 2602 2248 2662 consiliis

340 2698 739 2780 trepidatione
798 2708 1033 2780 patrum
1082 2698 1251 2760 velut
1299 2697 1483 2760 fluctu
1537 2698 1938 2759 auferebatur.
2033 2696 2248 2757 Tullus
2301 2706 2438 2757 Plut.

338 2794 667 2857 mittendos
711 2794 789 2855 de
832 2814 983 2875 pace
1034 2792 1263 2873 legatos
1310 2814 1581 2855 censere:
1650 2794 1910 2855 abnuere
1959 2792 2140 2865 Cato,
2186 2801 2249 2854 et
2271 2770 2438 2887 {229⁴
2457 2778 2510 2820 ‘²‘
2534 2856 2568 2873 ,,

344 2890 644 2974 Pompeio
702 2910 996 2952 summam
1034 2890 1267 2972 imperii
1316 2891 1656 2975 decernere,
1705 2900 1723 2929 ⁴
1753 2890 2070 2951 eorundem
2121 2910 2248 2951 esse

342 3008 565 3069 magna
582 2988 743 3050 mala
766 2997 831 3049 et
846 2987 1041 3049 facere
1067 2996 1131 3049 et
1155 2974 1543 3069 comprimere
1561 2990 1578 3018 '
1604 2987 1906 3050 dictitans.
1991 2985 2068 3047 In
2093 2988 2250 3049 hanc

342 3086 697 3147 sententiam
736 3086 921 3145 itum:
978 3093 1042 3145 et
1076 3084 1422 3166 Pompeius
1458 3092 1476 3121 ⁸
1500 3103 1617 3145 non
1660 3104 1786 3145 esse
1825 3084 1890 3143 in
1925 3084 2251 3164 parietibus
2308 3097 2416 3151 Cic.
2435 3099 2500 3149 ad

344 3182 772 3263 rempublicam
789 3182 806 3209 '
838 3181 1053 3252 ferens,
1092 3181 1260 3260 sequi
1288 3181 1474 3260 jussis
1508 3180 1948 3259 magistratibus
1969 3180 2248 3262 omnique
2270 3164 2573 3278 :zmyrum

342 3286 576 3350 senatu,
608 3287 691 3349 et,
728 3278 781 3337 si
819 3278 956 3357 quis
994 3277 1385 3352 remansisset,
1421 3296 1537 3359 pro
1562 3276 1732 3337 hoste
1764 3276 2100 3339 habiturum
2139 3276 2246 3339 de-
2271 3244 2487 3347 ἐφ’

346 3376 645 3445 nuntians,
676 3372 905 3434 Urbem
930 3372 1195 3453 reliquit.

424 3478 529 3533 46.
576 3470 869 3534 Consules
902 3472 1127 3542 statim,
1154 3490 1231 3530 ne
1272 3470 1454 3531 sacris
1491 3469 1734 3551 quidem
1757 3468 2099 3531 solennibus
2121 3468 2248 3531 fac-
2270 3480 2405 3531 Plut.
2448 3482 2576 3532 ces.

352 3570 447 3641 tis,
466 3568 663 3650 (quod
688 3577 826 3630 ante
850 3567 914 3629 id
931 3576 1167 3649 tempus
1190 3568 1495 3629 acciderat
1516 3572 1872 3648 nunquam‚)
1891 3568 2076 3629 secuti
2092 3577 2248 3629 sunt.
2272 3547 2492 3677 {33⁸⁸-

353 3664 607 3747 Reliqui
647 3674 882 3747 patrum
908 3666 1113 3747 inopes
1146 3665 1377 3727 consilii
1402 3674 1818 3747 stupentesque
1841 3666 1902 3725 in
1929 3665 2094 3725 curia
2117 3686 2247 3747 per-

349 3773 687 3824 noctarunt.
772 3761 1060 3824 Diluculo
1112 3762 1373 3836 demum,
1420 3764 1649 3845 paucis,
1703 3765 1808 3845 qui
1851 3762 2108 3823 Caesaris
2147 3769 2254 3823 aut
2563 3838 2570 3845 .

349 3870 689 3923 neutrarum
719 3861 975 3942 partium
1010 3869 1201 3933 erant,
1235 3862 1629 3933 manentibus,
1669 3863 2038 3941 (quanquam
2072 3868 2136 3919 et
2171 3877 2250 3919 ex
2274 3876 2404 3927 Plut.
2449 3876 2576 3930 Cos.

350 3958 455 4018 illo
481 3978 729 4019 numero
754 3957 999 4038 quidam
1022 3956 1301 4020 dicuntur
1326 3958 1631 4040 prosecti,)
1662 3965 2058 4019 excesserunt.
2273 3940 2391 3991 ¹³5⁰·

428 4062 533 4118 47.
578 4054 741 4133 Ergo
760 4065 1044 4135 tanquam
1068 4074 1147 4115 ex
1174 4056 1373 4116 hostili
1410 4065 1565 4117 terra
1590 4054 1664 4116 fit
1703 4054 1858 4133 fugae
1881 4054 2088 4113 similis
2112 4074 2250 4133 pro-
2273 4037 2558 4153 Allssfflffim

350 4152 569 4215 sectio:
612 4153 983 4234 complentur
1006 4154 1339 4233 agminibus
1362 4156 1710 4214 exeuntium
1744 4154 1882 4224 viae,
1921 4150 2252 4232 completur
2273 4176 2324 4215 et
2350 4140 2526 4235 Po‘mp.
2559 4136 2576 4153 ⁰

352 4250 713 4312 clamoribus
741 4249 1115 4331 tumultuque
1142 4250 1396 4311 coelum:
1440 4249 1510 4311 fit
1546 4250 1936 4311 deserentium
1975 4248 2248 4309 emitten-
2273 4232 2482 4347 133an

358 4349 623 4428 tiumque
661 4368 797 4407 suos
832 4347 1255 4429 comploratio:
1298 4363 1521 4409 moram
1551 4348 1791 4419 caritas,
1817 4344 2246 4408 festinationem
2273 4362 2430 4415 eum.
2451 4329 2572 4414 1550,

358 4454 547 4507 meurs
576 4446 865 4528 imperat:
907 4446 1129 4510 nemini
1163 4438 1279 4508 non
1310 4466 1403 4509 res
1430 4446 1668 4522 misera,
1695 4446 1932 4519 acerba,
1951 4452 2126 4505 atrox
2160 4443 2249 4505 vi-
