3300 5234
849 546 1055 596 mum
1105 544 1335 597 cxln.
1380 544 2032 601 surrbnussuwuu.

320 700 489 753 terea
511 684 749 769 sanguis
770 709 807 749 e
840 690 1091 770 pistrino
1122 689 1343 751 effusus
1380 688 1571 751 aedem
1612 687 1890 751 Fortuna
1933 690 2227 771 Primige-

322 790 439 849 πίω
466 789 687 867 attigit,
724 797 789 849 et
828 788 1083 849 infantes
1122 789 1357 869 aliquot
1396 790 1662 849 sinistras
1695 790 1756 849 in
1798 790 2098 871 capitibus
2118 790 2230 850 han

320 888 531 947 bentes
556 886 680 945 nati
704 894 859 947 sunt.
946 884 1025 945 Id
1054 887 1313 947 maxime
1345 896 1572 947 certum
1606 906 1732 947 esse
1765 906 1953 947 verm
1974 886 2230 949 fortuna

318 984 696 1064 praesagium,
735 992 800 1043 et
822 982 1211 1045 deterioribus
1238 984 1299 1043 in
1324 982 1594 1045 meliores
1630 984 1939 1065 imperium
1965 982 2096 1045 dari
2122 986 2230 1045 han

258 1074 268 1079 “
320 1081 585 1173 ruspices
608 1088 1033 1151 asseverarunt,
1060 1089 1125 1141 et
1148 1080 1405 1162 populus
1426 1080 1699 1141 credidit.

400 1184 505 1238 30.
550 1176 675 1237 His
712 1179 887 1237 rebus
922 1177 1133 1239 anxias
1166 1186 1413 1249 mentes,
1456 1179 1645 1257 magis
1677 1180 1861 1239 etiam
1889 1198 2024 1260 qum
2058 1177 2226 1239 vide·⁶

316 1274 487 1347 bant,
534 1283 885 1335 terruerunt.
968 1274 1139 1335 Nam
1190 1274 1484 1336 Kalendis
1526 1276 1730 1336 statim
1769 1274 2072 1337 Januariis
2125 1275 2226 1337 M.

318 1368 623 1433 Antonius
644 1371 921 1450 magister
946 1373 1234 1451 equitum,
1274 1381 1481 1433 senatu
1510 1381 1862 1444 convocato,
1901 1380 2224 1453 praetexta-

318 1474 416 1527 tus
456 1476 519 1527 et
559 1485 666 1527 sex
708 1469 957 1548 stipatus
999 1469 1326 1539 lictoribus,
1368 1468 1623 1549 speciem
1665 1467 1964 1550 quandam
2013 1470 2228 1550 prisco

316 1564 663 1645 reipublicae
700 1564 1047 1625 exhibebat.
1132 1564 1257 1625 Sed
1288 1565 1526 1648 quando
1554 1584 1666 1627 nec
1699 1566 1902 1627 consul
1947 1584 2223 1647 usquam,

313 1678 429 1721 nec
454 1668 675 1741 proetor
714 1658 873 1720 ullus
902 1670 1055 1733 erat,
1098 1661 1175 1723 ad
1208 1663 1335 1723 haee
1375 1662 1577 1743 gladio
1612 1663 1844 1724 cinctus
1869 1664 1994 1745 ipse
2017 1664 2222 1723 multi·

316 1755 581 1817 tudinem
622 1776 821 1817 secum
860 1758 1136 1819 trahebat
1162 1758 1441 1831 militum,
1476 1768 1541 1819 et
1570 1760 1774 1819 omnia
1799 1780 1908 1839 pro
1929 1769 2226 1841 potestate

316 1854 567 1931 agebat;
610 1854 828 1915 nemini
860 1854 1107 1915 dubium
1138 1876 1263 1915 esse
1302 1864 1557 1935 poterat,
1590 1876 1629 1915 a
1665 1856 1844 1937 priori
1868 1856 2060 1917 forma
2081 1857 2224 1919 civi·

316 1959 505 2011 tatem
530 1949 607 2011 ad
634 1960 917 2013 extremae
934 1953 1235 2013 servitutis
1260 1950 1555 2013 vilitatem
1578 1951 1912 2015 descivisse.

398 2054 502 2109 sl.
548 2048 785 2109 Urebat
800 2050 979 2109 etiam
994 2050 1223 2109 animos
1238 2069 1417 2130 supra
1440 2049 1824 2111 acerbitatem
1848 2052 2226 2131 praesentium

316 2144 588 2205 instantis
630 2145 1001 2225 indignitatis
1040 2147 1399 2227 expectatio.
1483 2154 1501 2182 ⁸
1528 2145 1682 2207 Mox
1715 2148 1872 2207 enim
1903 2147 2224 2209 affuturum

317 2240 619 2303 Caesarem
647 2243 929 2303 victorem
958 2243 1240 2315 omnium,
1268 2262 1331 2303 re
1358 2242 1685 2314 dominum,
1713 2244 1949 2303 nomine
1963 2242 2224 2305 dictato·-

312 2358 461 2398 rem.
546 2338 748 2405 Quam
786 2339 961 2417 igitur
997 2337 1087 2399 illi
1128 2337 1257 2399 fore
1288 2339 1644 2419 superbiam,
1680 2340 1730 2399 si
1769 2339 1960 2401 cliens
1991 2342 2124 2419 ejus
2163 2349 2235 2400 et

314 2436 595 2513 magister
628 2436 895 2517 equitum
928 2444 1051 2497 tam
1092 2436 1407 2497 insolenter
1452 2437 1752 2497 obtereret
1785 2436 1984 2517 leges?
2066 2434 2231 2497 Sane

312 2533 691 2595 clementiam
718 2534 1007 2595 hactenus
1033 2534 1319 2613 insignem
1344 2532 1692 2615 praetulisse,
1717 2534 2014 2616 plerisque
2029 2534 2228 2613 ignos-

312 2628 509 2691 cendo
549 2651 588 2689 a
632 2631 849 2713 quibus
884 2639 1041 2691 esset
1078 2638 1473 2712 oppugnatus.
1558 2624 1682 2690 Sed
1728 2650 1906 2711 quem
1949 2639 2228 2713 praestare

314 2746 489 2809 pose
514 2728 1020 2788 mansuetudinem
1046 2726 1297 2787 eandem
1316 2746 1652 2787 mansuram
1674 2727 1886 2789 victori
1909 2735 1974 2789 et
1995 2746 2226 2801 securo,

314 2843 499 2904 quam
524 2822 739 2884 validis
764 2824 959 2884 adhuc
984 2824 1345 2886 diversarum
1372 2824 1631 2904 partium
1653 2825 1849 2895 rebus,
1875 2832 1939 2885 et
1956 2822 2032 2884 de
2057 2823 2226 2885 exitu

312 2919 596 2980 dubitans
620 2920 1029 2981 adhibuisset?
1108 2920 1421 3001 Tyrannus
1448 2920 1744 2999 ingenium
1773 2920 1850 2981 ad
1880 2930 2112 3002 tempus
2134 2930 2226 2981 te·-

314 3034 489 3095 gere:
532 3016 748 3089 donec,
778 3016 1057 3097 perfectis
1082 3036 1217 3095 quae
1244 3025 1618 3096 optaverant,
1645 3026 1770 3077 tam
1803 3016 2094 3099 incipiant
2117 3036 2226 3079 va-

312 3132 455 3175 care
478 3120 663 3184 met‘u,
688 3134 871 3193 quam
896 3134 1127 3196 semper
1148 3123 1365 3174 vacent
1388 3113 1790 3175 verecundia?

399 3216 501 3271 32.
545 3210 651 3271 Ne
702 3212 948 3273 minima
997 3212 1237 3294 quidem
1291 3212 1352 3269 in
1405 3212 1579 3271 malis
1628 3210 1956 3271 consolatio
2001 3211 2229 3272 miseris

315 3306 547 3379 aderat,
588 3309 871 3388 querendi
915 3308 1195 3379 invicem,
1246 3308 1577 3388 mutuisque
1620 3308 1988 3367 sermonibus
2025 3307 2226 3369 suble-

315 3402 501 3463 vandi
542 3405 807 3465 animos·
792 3449 807 3464 .
852 3425 992 3465 cum
1033 3412 1313 3485 suspecta
1350 3402 1499 3463 fides
1534 3404 1718 3465 etiam
1762 3404 2120 3475 intimorum,
2163 3414 2234 3465 at

314 3498 567 3580 proditis
598 3510 825 3561 certum
862 3502 1190 3583 periculum
1228 3509 1401 3561 esset.
1488 3500 1659 3567 Quin
1684 3500 1842 3561 ultro
1863 3501 2226 3579 cogebantur

316 3596 538 3658 abdere
582 3617 787 3659 sensus
826 3620 983 3672 suos,
1020 3608 1105 3673 et,
1146 3618 1281 3659 cum
1324 3596 1433 3659 alii
1466 3607 1682 3670 essent,
1713 3598 1864 3659 alios
1895 3596 2229 3659 ostendere.

316 3692 388 3755 N
390 3714 461 3755 ec
484 3696 643 3755 enim
667 3694 805 3755 ferri
828 3704 1058 3757 tantum
1082 3714 1221 3777 quae
1254 3694 1485 3767 fierent,
1524 3706 1798 3755 auctores
1835 3714 2034 3755 eorum
2059 3693 2222 3754 vole-

316 3791 486 3863 bant,
514 3792 617 3853 sed
643 3792 873 3853 laudari
899 3813 1170 3874 quoque:
1194 3814 1266 3853 ac
1304 3791 1551 3852 subinde
1576 3792 2064 3874 supplicationes,
2101 3790 2224 3852 vel·

212 3911 220 3919 ·
316 3896 386 3948 ut
434 3889 517 3949 ob
568 3910 693 3949 rem
743 3891 895 3951 bene
946 3900 1193 3970 gestam,
1240 3889 1653 3962 edicebantur,
1704 3898 1767 3949 et
1817 3888 2226 3969 frequentibus

315 3982 477 4045 ludis
524 3995 921 4069 spectatorum
960 3989 1379 4068 postulabatur
1416 3985 1718 4048 hilaritas:
1763 4006 1901 4047 cum
1945 3984 2050 4045 ille
2097 3985 2222 4065 ipse

314 4094 667 4163 conspectus
708 4094 865 4145 esset
913 4085 1163 4146 acerbus
1204 4093 1268 4145 et
1310 4084 1748 4164 ignominiosus,
1791 4081 1976 4166 quod,
2015 4081 2226 4163 paucis

314 4181 608 4261 exceptis,
636 4202 785 4263 quos
825 4183 1049 4243 tribuni
1094 4182 1417 4253 faciebant,
1452 4180 1610 4241 ludis
1646 4181 1922 4259 magister
1956 4181 2227 4262 equitum.

316 4274 675 4357 presidebat
700 4280 1025 4351 accinctus,
1064 4288 1127 4339 et
1160 4300 1233 4341 ne
1262 4278 1520 4360 publicai
1545 4278 1788 4359 quidem
1828 4276 2058 4339 laetitiae
2079 4294 2222 4337 con-

314 4372 549 4435 donans
576 4372 1093 4458 exprobrationem
1128 4376 1449 4437 servitutis.
