3300 5234
774 506 949 581 «ΒΞ
1731 524 1806 572 τ’.
1855 521 2050 572 mvn

1098 672 1220 739 tur,
1248 674 1316 727 ut
1338 686 1475 729 cum
1500 666 1642 749 ipsis
1665 687 1730 729 se
1753 666 2108 729 subduceret
2133 664 2375 739 Ichnae,
2401 663 2564 747 quod
2587 664 2650 724 in
2676 662 3003 746 propinquo

1101 759 1523 825 Romanarum·
1546 766 1802 846 partium
1825 764 2106 847 oppidum
2133 772 2306 825 esset.
2386 762 2484 824 At
2511 762 2754 842 juvenis
2777 780 2882 821 eos
2905 762 3008 841 qui

1098 868 1337 941 propter
1378 862 1569 943 ipsum
1610 862 1728 923 huc
1770 862 2060 923 malorum
2095 862 2494 943 pervenissent
2517 859 2884 919 deserturum
2909 878 3006 919 ne-

1098 974 1267 1035 gans,
1292 956 1515 1019 dimisit
1536 960 1784 1021 comiter
1809 958 2078 1021 Graecos.
2162 958 2330 1040 Ipse,
2357 958 2500 1039 quia
2523 976 2732 1017 manus
2756 959 3012 1036 trajecta

1098 1051 1356 1117 officium
1400 1058 1680 1135 negabat,
1723 1058 2016 1137 armigero
2063 1057 2316 1139 praebuit
2365 1055 2541 1116 latus.
2644 1052 3011 1135 Exemplum

1096 1150 1212 1212 hoc
1239 1150 1597 1215 Censorinus
1634 1154 1902 1215 imitatus
1937 1162 2062 1215 est:
2103 1154 2288 1214 ceteri
2313 1152 2566 1223 nobiles,
2593 1171 2743 1232 quos
2769 1151 2926 1210 inter
2949 1156 3013 1211 et

1102 1246 1572 1327 Megabocchus,
1593 1266 1704 1311 sua
1731 1252 1850 1313 sibi
1867 1269 2048 1312 manu
2073 1251 2492 1312 consciverunt
2515 1267 2742 1308 necem.
2828 1245 3011 1308 Cete-

1096 1362 1195 1405 ros
1232 1344 1444 1409 adorta
1477 1347 1842 1409 Parthorum
1879 1346 2200 1409 multitudo
2235 1346 2508 1409 confodit
2543 1346 2771 1407 contis:
2815 1362 3011 1425 neque

879 1508 890 1517 ,
1102 1441 1357 1523 amplius
1382 1444 1720 1523 quingentis
1741 1446 1866 1507 vivi
1891 1447 2055 1528 capti
2079 1437 2236 1506 sunt.

795 1548 911 1598 vd.
940 1547 1081 1599 Max.
1184 1544 1287 1599 46.
1331 1539 1491 1601 Filio
1516 1542 1888 1623 imperatoris
1924 1543 2081 1605 hunc
2113 1543 2191 1605 ad
2217 1542 2460 1604 modum
2488 1560 2658 1625 paene
2685 1540 2797 1601 sub
2823 1536 3016 1599 oculis

776 1612 1079 1729 {lag-iffi·
1104 1635 1287 1715 patris
1310 1637 1639 1712 interfecto,
1668 1640 1888 1701 Parthi
1915 1642 1976 1701 in
2001 1642 2194 1723 ipsum
2227 1644 2398 1721 signa
2421 1644 2862 1707 converterunt,
2879 1638 3016 1715 jam

778 1742 1079 1795 Oroann-
1103 1742 1351 1814 accepto
1376 1736 1585 1797 nuntio
1610 1737 1858 1819 periculi
1883 1738 1963 1799 ad
1982 1758 2158 1819 opem
2184 1737 2312 1799 filio
2329 1738 2634 1799 ferendam
2660 1734 3016 1819 profectum.

778 1806 912 1857 Plut.
1106 1827 1237 1889 Ubi
1262 1830 1323 1890 in
1349 1836 1996 1914 conspectumagmina
2024 1844 2330 1908 venerunt,
2367 1835 2612 1916 quidam
2645 1832 3016 1894 Parthorum

1100 1924 1276 1988 hasta
1300 1928 1577 1991 suffixum
1610 1940 1796 2013 caput
1824 1940 2211 2004 ostentantes,
2239 1932 2669 2013 obequitabant
2693 1926 3016 1998 Romanis,

1102 2024 1640 2108 quoeritabantque,
1684 2035 1703 2063 ‘
1733 2028 1949 2109 quibus
1974 2028 2272 2088 natalibus
2297 2030 2406 2087 iste
2435 2026 2682 2108 juvenis
2717 2032 2886 2084 ortus
2923 2042 3017 2081 ω-

1098 2120 1233 2183 aet?
1273 2140 1391 2181 non
1416 2124 1573 2185 enim
1607 2143 1673 2185 se
1706 2122 1965 2195 credere,
1991 2133 2220 2183 tannim
2247 2122 2506 2183 indolem
2531 2124 2610 2183 ab
2633 2120 3017 2201 ignavissimo

1101 2214 1403 2277 hominum
1429 2218 1646 2278 Crasso
1671 2220 1967 2300 procreari
1993 2220 2292 2299 potuim-se?
2375 2218 2455 2280 Id
2479 2217 2890 2301 spectaculum
2911 2238 3020 2278 ve·-

1100 2313 1533 2377 hemeutisaime
1574 2316 1869 2393 permovit
1907 2314 2150 2388 milites,
2191 2336 2310 2376 non
2349 2322 2420 2377 ut
2453 2313 2918 2376 accenderentur
2957 2315 3016 2374 in

1100 2410 1412 2481 ultionem,
1454 2410 1561 2471 sed
1594 2418 1665 2471 ut
1703 2410 1880 2492 plane
1917 2421 2152 2493 torpore
2192 2422 2256 2473 et
2291 2412 2702 2493 desperatione
2734 2411 3016 2473 demittess

1102 2516 1239 2573 rent
1261 2508 1506 2569 animos.
1576 2506 1676 2568 At
1700 2508 1971 2583 Crassus,
1999 2530 2300 2591 nunquam
2324 2508 2544 2570 clarius
2573 2492 2810 2571 ostensa
2833 2510 3020 2571 animi

1100 2604 1533 2685 magnitudine,
1576 2614 1595 2643 ⁸
1624 2625 1796 2669 stium
1837 2600 1996 2669 hunc
2038 2607 2328 2681 dolorem,
2367 2626 2537 2669 suam
2579 2606 2818 2668 cladem
2850 2627 2984 2668 esse
2999 2606 3020 2635 '

1102 2703 1577 2766 vociferabatur:
1624 2713 1643 2741 ‘
1672 2704 1897 2788 populo
1932 2706 2174 2789 quidem
2202 2707 2507 2780 Romano,
2547 2705 2730 2767 salvis
2764 2706 3017 2787 legioni·

1100 2798 1236 2873 bus,
1264 2800 1558 2861 nihildum
1598 2802 1886 2864 accidisse
1919 2804 2332 2865 calamitosum
2361 2804 2536 2864 unius
2577 2802 2782 2863 militis
2809 2804 3019 2883 jactu-

1100 2915 1189 2959 ra.
1270 2896 1670 2960 Resumerent
1707 2900 1884 2961 modo
1925 2902 2236 2983 pristinam
2291 2902 2682 2973 alacritatem,
2721 2909 2808 2973 et,
2851 2896 3018 2981 quod

1100 3010 1261 3074 saepe
1285 2993 1449 3055 duri‘s
1480 2998 1844 3078 temporibus
1869 3000 2058 3080 copiae
2083 2998 2386 3061 Romanae
2410 2997 2706 3071 fecissent,
2731 2997 3018 3059 dubitan-

1103 3098 1225 3149 tem
1250 3089 1547 3153 fortunam
1574 3093 1654 3154 ad
1677 3114 1816 3155 suas
1841 3104 2038 3177 partes
2063 3098 2280 3159 virtute
2305 3096 2624 3175 cogerent.⁹

1182 3193 1287 3250 47.
1329 3187 1454 3249 Sed
1484 3192 1736 3269 jacebat
1773 3193 1966 3253 omnis
2001 3192 2258 3255 militum
2283 3194 2471 3273 vigor,
2497 3193 2806 3273 moestique
2832 3198 2900 3253 et
2923 3200 3018 3253 ta·

1100 3282 1211 3344 citi
1250 3288 1565 3347 astabant:
1604 3309 1746 3350 mox
1791 3289 1966 3351 edere
2006 3290 2328 3351 clamorem
2357 3290 2533 3371 jussi,
2573 3298 2812 3351 tenuem
2835 3297 2904 3349 et
2926 3290 3018 3348 in·

1098 3373 1397 3460 aequalem
1422 3384 1806 3461 sustulerunt,
1833 3407 1972 3449 cum
2006 3408 2044 3449 a
2069 3389 2316 3449 Parthis
2357 3388 2562 3468 ingens
2599 3398 2664 3448 et
2685 3388 3019 3448 animorum

1099 3476 1313 3557 plenus
1361 3480 1723 3545 redderetur.
1824 3483 1969 3547 Nec
2018 3486 2141 3546 alia
2187 3485 2423 3547 fortuna
2471 3504 2686 3568 pugnae
2729 3484 3018 3564 utrisque,

1102 3594 1285 3654 quam
1326 3578 1538 3640 animis
1577 3591 2002 3663 praeceperant,
2031 3582 2166 3643 fuit.
2248 3582 2560 3643 Romanos
2585 3582 2868 3661 ambigua
2894 3598 3020 3641 sors

1103 3670 1251 3732 lethi
1270 3676 1549 3749 terrebat,
1568 3678 1731 3757 quod
1755 3680 2125 3740 servantibus
2143 3678 2380 3739 ordines
2407 3678 2642 3739 molesti
2669 3698 2840 3739 arcus
2854 3677 3016 3739 Par·

1102 3767 1339 3830 thorum
1362 3782 1562 3843 erantg
1586 3776 1954 3855 eruptionem
1979 3784 2276 3838 tentantes
2297 3776 2487 3836 contis
2505 3774 2838 3855 figebantur
2859 3774 3016 3835 adeo
3114 3792 3126 3802 ·

1102 3863 1345 3939 validis,
1373 3876 1442 3929 ut
1464 3869 1760 3932 interdum
1785 3872 1938 3933 duos
1959 3872 2134 3933 simul
2169 3874 2330 3933 viros
2362 3871 2522 3933 idem
2545 3872 2802 3954 impetus
2822 3881 3013 3939 trans-

1102 3962 1463 4027 verberaret.

1184 4066 1287 4120 48.
1355 4060 1792 4124 Laborantibus
1842 4064 2105 4147 undique
2155 4064 2474 4137 Romanis,
2533 4084 2720 4125 novus
2769 4071 3014 4145 repente

780 4180 899 4233 Dio.
1102 4152 1289 4216 hostis
1330 4168 1599 4233 exortus,
1642 4180 1782 4221 cum
1818 4161 1980 4222 haud
2025 4182 2232 4245 parum
2271 4162 2606 4223 detrimenti
2637 4162 2832 4233 daret,
2877 4160 3020 4242 plus

1102 4251 1285 4312 etiam
1334 4253 1559 4316 doloris
1606 4258 1830 4319 intulit.
1929 4258 2100 4319 Nam
2148 4278 2286 4319 cum
2333 4259 2658 4320 Osrhoenis
2701 4258 3014 4336 Abgarum,

1104 4368 1285 4429 quem
1320 4350 1437 4413 sihi
1470 4352 1729 4416 amicum
1765 4354 2034 4417 arbitrati
2077 4356 2334 4430 fuerant,
2359 4364 2528 4437 terga
2549 4354 2828 4419 adversis
2854 4354 3014 4417 Par:-
