<?xml version="1.0" encoding="UTF-8"?>
<!DOCTYPE html PUBLIC "-//W3C//DTD XHTML 1.0 Transitional//EN"
    "http://www.w3.org/TR/xhtml1/DTD/xhtml1-transitional.dtd">
<html xmlns="http://www.w3.org/1999/xhtml" xml:lang="en" lang="en">
 <head>
  <title>
</title>
<meta http-equiv="Content-Type" content="text/html;charset=utf-8" />
  <meta name='ocr-system' content='tesseract 3.04.00' />
  <meta name='ocr-capabilities' content='ocr_page ocr_carea ocr_par ocr_line ocrx_word'/>
</head>
<body>
  <div class='ocr_page' id='page_1' title='image "./tliviipatavinih35unkngoog/tliviipatavinih35unkngoog_0024.png"; bbox 0 0 3300 5234; ppageno 0'>
   <div class='ocr_carea' id='block_1_1' title="bbox 812 539 993 606">
    <p class='ocr_par' dir='ltr' id='par_1_1' title="bbox 812 539 993 606">
     <span class='ocr_line' id='line_1_1' title="bbox 812 539 993 606; baseline 0.022 -4"><span class='ocrx_word' id='word_1_1' title='bbox 812 539 993 606; x_wconf 77' lang='lat'>4966</span> 
     </span>
    </p>
   </div>
   <div class='ocr_carea' id='block_1_2' title="bbox 1775 557 2082 610">
    <p class='ocr_par' dir='ltr' id='par_1_2' title="bbox 1775 557 2082 610">
     <span class='ocr_line' id='line_1_2' title="bbox 1775 557 2082 610; baseline 0.013 -4"><span class='ocrx_word' id='word_1_2' title='bbox 1775 557 1844 606; x_wconf 78' lang='grc' dir='ltr'><strong>Τ.</strong></span> <span class='ocrx_word' id='word_1_3' title='bbox 1891 557 2082 610; x_wconf 77' lang='lat' dir='ltr'><strong>mvn</strong></span> 
     </span>
    </p>
   </div>
   <div class='ocr_carea' id='block_1_3' title="bbox 1144 697 3045 977">
    <p class='ocr_par' dir='ltr' id='par_1_3' title="bbox 1144 697 3045 977">
     <span class='ocr_line' id='line_1_3' title="bbox 1144 697 3045 785; baseline 0.002 -24"><span class='ocrx_word' id='word_1_4' title='bbox 1144 697 1317 762; x_wconf 87' lang='lat' dir='ltr'><strong>aliter</strong></span> <span class='ocrx_word' id='word_1_5' title='bbox 1362 701 1652 762; x_wconf 87' lang='lat' dir='ltr'><strong>somnium</strong></span> <span class='ocrx_word' id='word_1_6' title='bbox 1705 700 1910 764; x_wconf 84' lang='lat' dir='ltr'><strong>Catuli</strong></span> <span class='ocrx_word' id='word_1_7' title='bbox 1961 709 2288 785; x_wconf 80' lang='lat' dir='ltr'><strong>exponunt,</strong></span> <span class='ocrx_word' id='word_1_8' title='bbox 2333 701 2438 762; x_wconf 86' lang='lat' dir='ltr'><strong>sed</strong></span> <span class='ocrx_word' id='word_1_9' title='bbox 2487 699 2698 762; x_wconf 89' lang='lat' dir='ltr'><strong>eodem</strong></span> <span class='ocrx_word' id='word_1_10' title='bbox 2741 701 3045 764; x_wconf 73' lang='lat' dir='ltr'>recidente</span> 
     </span>
     <span class='ocr_line' id='line_1_4' title="bbox 1144 797 3044 977; baseline 0.002 -21"><span class='ocrx_word' id='word_1_11' title='bbox 1144 797 1539 957; x_wconf 52' lang='grc' dir='ltr'><strong>ωςὲἒοῗιιιζι·</strong></span> <span class='ocrx_word' id='word_1_12' title='bbox 1576 895 1704 957; x_wconf 75' lang='lat' dir='ltr'><strong>hoec</strong></span> <span class='ocrx_word' id='word_1_13' title='bbox 1747 915 1894 977; x_wconf 86' lang='lat' dir='ltr'><strong>pons</strong></span> <span class='ocrx_word' id='word_1_14' title='bbox 1931 896 2242 958; x_wconf 74' lang='lat' dir='ltr'><strong>Fabricius</strong></span> <span class='ocrx_word' id='word_1_15' title='bbox 2285 896 2364 957; x_wconf 79' lang='lat' dir='ltr'><strong>ad</strong></span> <span class='ocrx_word' id='word_1_16' title='bbox 2409 895 2658 958; x_wconf 78' lang='lat' dir='ltr'><strong>iamlam</strong></span> <span class='ocrx_word' id='word_1_17' title='bbox 2701 895 3044 959; x_wconf 85' lang='lat' dir='ltr'><strong>Tiberinam</strong></span> 
     </span>
    </p>
   </div>
   <div class='ocr_carea' id='block_1_4' title="bbox 996 993 3050 1074">
    <p class='ocr_par' dir='ltr' id='par_1_4' title="bbox 996 993 3050 1074">
     <span class='ocr_line' id='line_1_5' title="bbox 996 993 3050 1074; baseline 0.003 -25"><span class='ocrx_word' id='word_1_18' title='bbox 996 999 1035 1032; x_wconf 85' lang='lat'><strong>¹·</strong></span> <span class='ocrx_word' id='word_1_19' title='bbox 1144 993 1462 1074; x_wconf 78' lang='lat' dir='ltr'><strong>pertinens,</strong></span> <span class='ocrx_word' id='word_1_20' title='bbox 1488 1001 1824 1054; x_wconf 80' lang='lat' dir='ltr'><strong>exstructus</strong></span> <span class='ocrx_word' id='word_1_21' title='bbox 1849 1002 1977 1054; x_wconf 86' lang='lat' dir='ltr'><strong>est:</strong></span> <span class='ocrx_word' id='word_1_22' title='bbox 2019 995 2126 1074; x_wconf 85' lang='lat' dir='ltr'><strong>qui</strong></span> <span class='ocrx_word' id='word_1_23' title='bbox 2163 993 2246 1054; x_wconf 75' lang='lat' dir='ltr'><strong>ad</strong></span> <span class='ocrx_word' id='word_1_24' title='bbox 2283 1002 2542 1055; x_wconf 84' lang='lat' dir='ltr'><strong>nostram</strong></span> <span class='ocrx_word' id='word_1_25' title='bbox 2585 1003 2820 1055; x_wconf 79' lang='lat' dir='ltr'><strong>aetatem</strong></span> <span class='ocrx_word' id='word_1_26' title='bbox 2855 996 3050 1056; x_wconf 88' lang='lat' dir='ltr'><strong>incor-</strong></span> 
     </span>
    </p>
   </div>
   <div class='ocr_carea' id='block_1_5' title="bbox 1144 1091 3045 1174">
    <p class='ocr_par' dir='ltr' id='par_1_5' title="bbox 1144 1091 3045 1174">
     <span class='ocr_line' id='line_1_6' title="bbox 1144 1091 3045 1174; baseline 0.001 -23"><span class='ocrx_word' id='word_1_27' title='bbox 1144 1100 1319 1171; x_wconf 86' lang='lat' dir='ltr'><strong>rupta</strong></span> <span class='ocrx_word' id='word_1_28' title='bbox 1362 1099 1658 1152; x_wconf 73' lang='lat' dir='ltr'><strong>structura</strong></span> <span class='ocrx_word' id='word_1_29' title='bbox 1699 1091 1853 1152; x_wconf 84' lang='lat' dir='ltr'><strong>hanc</strong></span> <span class='ocrx_word' id='word_1_30' title='bbox 1898 1093 2342 1174; x_wconf 73' lang='lat' dir='ltr'><strong>inscriptionem</strong></span> <span class='ocrx_word' id='word_1_31' title='bbox 2377 1092 2656 1174; x_wconf 67' lang='lat' dir='ltr'><strong>pertulit:</strong></span> <span class='ocrx_word' id='word_1_32' title='bbox 2703 1108 2761 1152; x_wconf 71' lang='lat'><strong>1..</strong></span> <span class='ocrx_word' id='word_1_33' title='bbox 2791 1107 3045 1152; x_wconf 69' lang='lat' dir='ltr'>FABRI-</span> 
     </span>
    </p>
   </div>
   <div class='ocr_carea' id='block_1_6' title="bbox 1038 1188 2800 1250">
    <p class='ocr_par' dir='ltr' id='par_1_6' title="bbox 1038 1188 2800 1250">
     <span class='ocr_line' id='line_1_7' title="bbox 1038 1188 2800 1250; baseline 0.002 -3"><span class='ocrx_word' id='word_1_34' title='bbox 1038 1205 1120 1238; x_wconf 82' lang='lat' dir='ltr'><strong>nn·</strong></span> <span class='ocrx_word' id='word_1_35' title='bbox 1148 1203 1305 1248; x_wconf 75' lang='lat' dir='ltr'><strong>cius</strong></span> <span class='ocrx_word' id='word_1_36' title='bbox 1336 1204 1397 1248; x_wconf 91' lang='lat' dir='ltr'><strong>c.</strong></span> <span class='ocrx_word' id='word_1_37' title='bbox 1427 1205 1485 1249; x_wconf 78' lang='lat' dir='ltr'><strong>r.</strong></span> <span class='ocrx_word' id='word_1_38' title='bbox 1516 1205 1680 1250; x_wconf 79' lang='lat' dir='ltr'><strong>cun.</strong></span> <span class='ocrx_word' id='word_1_39' title='bbox 1709 1188 1940 1250; x_wconf 55' lang='lat' dir='ltr'><strong>vnn!</strong></span> <span class='ocrx_word' id='word_1_40' title='bbox 1981 1205 2412 1250; x_wconf 65' lang='lat' dir='ltr'><strong>memnonia</strong></span> <span class='ocrx_word' id='word_1_41' title='bbox 2441 1205 2800 1250; x_wconf 66' lang='lat' dir='ltr'><strong>cornui-r.</strong></span> 
     </span>
    </p>
   </div>
   <div class='ocr_carea' id='block_1_7' title="bbox 1134 1285 3096 4184">
    <p class='ocr_par' dir='ltr' id='par_1_7' title="bbox 1142 1285 3046 2244">
     <span class='ocr_line' id='line_1_8' title="bbox 1226 1285 3042 1368; baseline 0 -22"><span class='ocrx_word' id='word_1_42' title='bbox 1226 1293 1325 1350; x_wconf 78' lang='lat'><strong>87.</strong></span> <span class='ocrx_word' id='word_1_43' title='bbox 1372 1285 1537 1348; x_wconf 89' lang='lat' dir='ltr'><strong>Dum</strong></span> <span class='ocrx_word' id='word_1_44' title='bbox 1564 1289 1623 1348; x_wconf 88' lang='lat' dir='ltr'><strong>in</strong></span> <span class='ocrx_word' id='word_1_45' title='bbox 1655 1287 1826 1348; x_wconf 90' lang='lat' dir='ltr'><strong>Urbe</strong></span> <span class='ocrx_word' id='word_1_46' title='bbox 1851 1288 1966 1348; x_wconf 86' lang='lat' dir='ltr'><strong>ista</strong></span> <span class='ocrx_word' id='word_1_47' title='bbox 1989 1286 2164 1358; x_wconf 86' lang='lat' dir='ltr'><strong>fiunt,</strong></span> <span class='ocrx_word' id='word_1_48' title='bbox 2191 1287 2556 1368; x_wconf 81' lang='lat' dir='ltr'><strong>Allobroges</strong></span> <span class='ocrx_word' id='word_1_49' title='bbox 2573 1307 2753 1368; x_wconf 89' lang='lat' dir='ltr'><strong>quam</strong></span> <span class='ocrx_word' id='word_1_50' title='bbox 2779 1287 2884 1347; x_wconf 82' lang='lat' dir='ltr'><strong>din</strong></span> <span class='ocrx_word' id='word_1_51' title='bbox 2913 1287 3042 1348; x_wconf 80' lang='lat' dir='ltr'><strong>vol-</strong></span> 
     </span>
     <span class='ocr_line' id='line_1_9' title="bbox 1144 1383 3046 1464; baseline 0.001 -22"><span class='ocrx_word' id='word_1_52' title='bbox 1144 1391 1355 1444; x_wconf 83' lang='lat' dir='ltr'><strong>verant</strong></span> <span class='ocrx_word' id='word_1_53' title='bbox 1396 1385 1607 1444; x_wconf 84' lang='lat' dir='ltr'><strong>animis</strong></span> <span class='ocrx_word' id='word_1_54' title='bbox 1644 1383 2026 1445; x_wconf 86' lang='lat' dir='ltr'><strong>rebellionem</strong></span> <span class='ocrx_word' id='word_1_55' title='bbox 2065 1393 2420 1464; x_wconf 65' lang='lat' dir='ltr'><strong>coeptavere,</strong></span> <span class='ocrx_word' id='word_1_56' title='bbox 2463 1383 2626 1446; x_wconf 79' lang='lat' dir='ltr'><strong>facto</strong></span> <span class='ocrx_word' id='word_1_57' title='bbox 2671 1383 2732 1444; x_wconf 90' lang='lat' dir='ltr'><strong>in</strong></span> <span class='ocrx_word' id='word_1_58' title='bbox 2773 1383 3046 1444; x_wconf 85' lang='lat' dir='ltr'><strong>Galliam</strong></span> 
     </span>
     <span class='ocr_line' id='line_1_10' title="bbox 1145 1478 3046 1563; baseline 0.001 -23"><span class='ocrx_word' id='word_1_59' title='bbox 1145 1478 1603 1543; x_wconf 68' lang='lat' dir='ltr'><strong>Narbonensem</strong></span> <span class='ocrx_word' id='word_1_60' title='bbox 1646 1482 1892 1563; x_wconf 85' lang='lat' dir='ltr'><strong>impetu.</strong></span> <span class='ocrx_word' id='word_1_61' title='bbox 1975 1481 2098 1542; x_wconf 83' lang='lat' dir='ltr'><strong>Sed</strong></span> <span class='ocrx_word' id='word_1_62' title='bbox 2125 1482 2226 1543; x_wconf 69' lang='lat' dir='ltr'><strong>C!</strong></span> <span class='ocrx_word' id='word_1_63' title='bbox 2260 1481 2602 1554; x_wconf 85' lang='lat' dir='ltr'><strong>Pontinius,</strong></span> <span class='ocrx_word' id='word_1_64' title='bbox 2649 1479 2864 1542; x_wconf 87' lang='lat' dir='ltr'><strong>idoneo</strong></span> <span class='ocrx_word' id='word_1_65' title='bbox 2907 1482 3046 1542; x_wconf 87' lang='lat' dir='ltr'><strong>loco</strong></span> 
     </span>
     <span class='ocr_line' id='line_1_11' title="bbox 1142 1579 3046 1662; baseline 0.001 -24"><span class='ocrx_word' id='word_1_66' title='bbox 1142 1587 1339 1638; x_wconf 83' lang='lat' dir='ltr'><strong>castra</strong></span> <span class='ocrx_word' id='word_1_67' title='bbox 1362 1587 1639 1650; x_wconf 69' lang='lat' dir='ltr'><strong>metatuS,</strong></span> <span class='ocrx_word' id='word_1_68' title='bbox 1657 1587 1726 1640; x_wconf 89' lang='lat' dir='ltr'><strong>ut</strong></span> <span class='ocrx_word' id='word_1_69' title='bbox 1748 1579 1826 1640; x_wconf 86' lang='lat' dir='ltr'><strong>ad</strong></span> <span class='ocrx_word' id='word_1_70' title='bbox 1847 1580 2048 1640; x_wconf 88' lang='lat' dir='ltr'><strong>omnia</strong></span> <span class='ocrx_word' id='word_1_71' title='bbox 2065 1599 2200 1662; x_wconf 75' lang='lat' dir='ltr'><strong>quoe</strong></span> <span class='ocrx_word' id='word_1_72' title='bbox 2220 1589 2451 1661; x_wconf 83' lang='lat' dir='ltr'><strong>tempus</strong></span> <span class='ocrx_word' id='word_1_73' title='bbox 2477 1579 2803 1661; x_wconf 80' lang='lat' dir='ltr'><strong>postularet</strong></span> <span class='ocrx_word' id='word_1_74' title='bbox 2829 1591 3046 1661; x_wconf 75' lang='lat' dir='ltr'><strong>praesto</strong></span> 
     </span>
     <span class='ocr_line' id='line_1_12' title="bbox 1142 1675 3044 1758; baseline 0.001 -22"><span class='ocrx_word' id='word_1_75' title='bbox 1142 1695 1269 1736; x_wconf 60' lang='lat' dir='ltr'><strong>eme</strong></span> <span class='ocrx_word' id='word_1_76' title='bbox 1294 1685 1511 1756; x_wconf 62' lang='lat' dir='ltr'><strong>ponet,</strong></span> <span class='ocrx_word' id='word_1_77' title='bbox 1542 1675 1842 1736; x_wconf 77' lang='lat' dir='ltr'><strong>Manlium</strong></span> <span class='ocrx_word' id='word_1_78' title='bbox 1882 1676 2198 1738; x_wconf 86' lang='lat' dir='ltr'><strong>Lentinum</strong></span> <span class='ocrx_word' id='word_1_79' title='bbox 2231 1697 2372 1738; x_wconf 91' lang='lat' dir='ltr'><strong>cum</strong></span> <span class='ocrx_word' id='word_1_80' title='bbox 2415 1678 2602 1757; x_wconf 84' lang='lat' dir='ltr'><strong>copiis</strong></span> <span class='ocrx_word' id='word_1_81' title='bbox 2639 1676 2719 1738; x_wconf 86' lang='lat' dir='ltr'><strong>ad</strong></span> <span class='ocrx_word' id='word_1_82' title='bbox 2757 1677 3044 1758; x_wconf 87' lang='lat' dir='ltr'><strong>oppidum</strong></span> 
     </span>
     <span class='ocr_line' id='line_1_13' title="bbox 1142 1770 3046 1855; baseline 0.001 -23"><span class='ocrx_word' id='word_1_83' title='bbox 1142 1770 1432 1833; x_wconf 85' lang='lat' dir='ltr'><strong>Ventiam</strong></span> <span class='ocrx_word' id='word_1_84' title='bbox 1454 1773 1860 1855; x_wconf 86' lang='lat' dir='ltr'><strong>recipiendum</strong></span> <span class='ocrx_word' id='word_1_85' title='bbox 1883 1774 2062 1836; x_wconf 86' lang='lat' dir='ltr'><strong>misit.</strong></span> <span class='ocrx_word' id='word_1_86' title='bbox 2145 1773 2420 1846; x_wconf 86' lang='lat' dir='ltr'><strong>Ventini,</strong></span> <span class='ocrx_word' id='word_1_87' title='bbox 2457 1775 2762 1854; x_wconf 88' lang='lat' dir='ltr'><strong>repentino</strong></span> <span class='ocrx_word' id='word_1_88' title='bbox 2787 1773 3046 1834; x_wconf 83' lang='lat' dir='ltr'><strong>bostium</strong></span> 
     </span>
     <span class='ocr_line' id='line_1_14' title="bbox 1142 1868 3044 1953; baseline 0.001 -24"><span class='ocrx_word' id='word_1_89' title='bbox 1142 1868 1401 1930; x_wconf 83' lang='lat' dir='ltr'><strong>adventu</strong></span> <span class='ocrx_word' id='word_1_90' title='bbox 1426 1871 1639 1942; x_wconf 82' lang='lat' dir='ltr'><strong>territi,</strong></span> <span class='ocrx_word' id='word_1_91' title='bbox 1667 1871 1956 1953; x_wconf 91' lang='lat' dir='ltr'><strong>oppidum</strong></span> <span class='ocrx_word' id='word_1_92' title='bbox 1991 1871 2370 1952; x_wconf 90' lang='lat' dir='ltr'><strong>reliquerunt.</strong></span> <span class='ocrx_word' id='word_1_93' title='bbox 2457 1871 2582 1939; x_wconf 83' lang='lat' dir='ltr'><strong>Qui</strong></span> <span class='ocrx_word' id='word_1_94' title='bbox 2623 1871 2832 1944; x_wconf 44' lang='lat' dir='ltr'><strong>relicti,</strong></span> <span class='ocrx_word' id='word_1_95' title='bbox 2849 1881 3044 1943; x_wconf 87' lang='lat' dir='ltr'><strong>erant,</strong></span> 
     </span>
     <span class='ocr_line' id='line_1_15' title="bbox 1142 1966 3044 2049; baseline 0.001 -24"><span class='ocrx_word' id='word_1_96' title='bbox 1142 1966 1329 2026; x_wconf 85' lang='lat' dir='ltr'><strong>missis</strong></span> <span class='ocrx_word' id='word_1_97' title='bbox 1352 1967 1706 2040; x_wconf 80' lang='lat' dir='ltr'><strong>oratoribus,</strong></span> <span class='ocrx_word' id='word_1_98' title='bbox 1729 1969 2022 2049; x_wconf 86' lang='lat' dir='ltr'><strong>petierunt</strong></span> <span class='ocrx_word' id='word_1_99' title='bbox 2047 1988 2274 2049; x_wconf 82' lang='lat' dir='ltr'><strong>pacem.</strong></span> <span class='ocrx_word' id='word_1_100' title='bbox 2360 1966 2600 2028; x_wconf 85' lang='lat' dir='ltr'><strong>Interea</strong></span> <span class='ocrx_word' id='word_1_101' title='bbox 2621 1969 2760 2028; x_wconf 86' lang='lat' dir='ltr'><strong>totis</strong></span> <span class='ocrx_word' id='word_1_102' title='bbox 2785 1969 2941 2046; x_wconf 85' lang='lat' dir='ltr'><strong>agris</strong></span> <span class='ocrx_word' id='word_1_103' title='bbox 2963 1966 3044 2027; x_wconf 85' lang='lat' dir='ltr'><strong>ad</strong></span> 
     </span>
     <span class='ocr_line' id='line_1_16' title="bbox 1142 2063 3044 2146; baseline 0.002 -24"><span class='ocrx_word' id='word_1_104' title='bbox 1142 2063 1430 2124; x_wconf 86' lang='lat' dir='ltr'><strong>auxilium</strong></span> <span class='ocrx_word' id='word_1_105' title='bbox 1468 2067 1870 2126; x_wconf 83' lang='lat' dir='ltr'><strong>concurritur:</strong></span> <span class='ocrx_word' id='word_1_106' title='bbox 1901 2063 1973 2124; x_wconf 86' lang='lat' dir='ltr'><strong>fit</strong></span> <span class='ocrx_word' id='word_1_107' title='bbox 2007 2065 2068 2126; x_wconf 93' lang='lat' dir='ltr'><strong>in</strong></span> <span class='ocrx_word' id='word_1_108' title='bbox 2103 2063 2416 2125; x_wconf 72' lang='lat' dir='ltr'><strong>Romanos</strong></span> <span class='ocrx_word' id='word_1_109' title='bbox 2453 2086 2531 2125; x_wconf 87' lang='lat' dir='ltr'><strong>ex</strong></span> <span class='ocrx_word' id='word_1_110' title='bbox 2577 2065 2892 2146; x_wconf 76' lang='lat' dir='ltr'><strong>improviso</strong></span> <span class='ocrx_word' id='word_1_111' title='bbox 2933 2065 3044 2125; x_wconf 88' lang='lat' dir='ltr'><strong>im-</strong></span> 
     </span>
     <span class='ocr_line' id='line_1_17' title="bbox 1142 2159 2881 2244; baseline 0.002 -24"><span class='ocrx_word' id='word_1_112' title='bbox 1142 2169 1349 2240; x_wconf 85' lang='lat' dir='ltr'><strong>petus:</strong></span> <span class='ocrx_word' id='word_1_113' title='bbox 1392 2159 1797 2244; x_wconf 86' lang='lat' dir='ltr'><strong>oppidumque</strong></span> <span class='ocrx_word' id='word_1_114' title='bbox 1823 2162 1885 2220; x_wconf 89' lang='lat' dir='ltr'><strong>in</strong></span> <span class='ocrx_word' id='word_1_115' title='bbox 1907 2169 2260 2243; x_wconf 81' lang='lat' dir='ltr'><strong>potestatem</strong></span> <span class='ocrx_word' id='word_1_116' title='bbox 2280 2161 2683 2241; x_wconf 69' lang='lat' dir='ltr'><strong>Allobrogum</strong></span> <span class='ocrx_word' id='word_1_117' title='bbox 2707 2160 2881 2223; x_wconf 88' lang='lat' dir='ltr'><strong>redit.</strong></span> 
     </span>
    </p>

    <p class='ocr_par' dir='ltr' id='par_1_8' title="bbox 1136 2257 3096 3506">
     <span class='ocr_line' id='line_1_18' title="bbox 1202 2257 3045 2339; baseline 0 -21"><span class='ocrx_word' id='word_1_118' title='bbox 1202 2263 1326 2318; x_wconf 57' lang='lat'><strong>438.</strong></span> <span class='ocrx_word' id='word_1_119' title='bbox 1370 2258 1605 2338; x_wconf 88' lang='lat' dir='ltr'><strong>Agrum</strong></span> <span class='ocrx_word' id='word_1_120' title='bbox 1630 2267 1830 2318; x_wconf 82' lang='lat' dir='ltr'><strong>tamen</strong></span> <span class='ocrx_word' id='word_1_121' title='bbox 1867 2258 2105 2339; x_wconf 86' lang='lat' dir='ltr'><strong>impune</strong></span> <span class='ocrx_word' id='word_1_122' title='bbox 2133 2257 2450 2319; x_wconf 72' lang='lat' dir='ltr'><strong>Romanus</strong></span> <span class='ocrx_word' id='word_1_123' title='bbox 2475 2257 2894 2339; x_wconf 78' lang='lat' dir='ltr'><strong>populabatur,</strong></span> <span class='ocrx_word' id='word_1_124' title='bbox 2935 2257 3045 2318; x_wconf 88' lang='lat' dir='ltr'><strong>do·</strong></span> 
     </span>
     <span class='ocr_line' id='line_1_19' title="bbox 1141 2353 3046 2435; baseline 0.001 -20"><span class='ocrx_word' id='word_1_125' title='bbox 1141 2375 1251 2416; x_wconf 90' lang='lat' dir='ltr'><strong>nec</strong></span> <span class='ocrx_word' id='word_1_126' title='bbox 1288 2355 1461 2434; x_wconf 80' lang='lat' dir='ltr'><strong>multi</strong></span> <span class='ocrx_word' id='word_1_127' title='bbox 1486 2355 1566 2416; x_wconf 85' lang='lat' dir='ltr'><strong>ad</strong></span> <span class='ocrx_word' id='word_1_128' title='bbox 1593 2354 1826 2417; x_wconf 86' lang='lat' dir='ltr'><strong>Isaram</strong></span> <span class='ocrx_word' id='word_1_129' title='bbox 1861 2353 2080 2416; x_wconf 85' lang='lat' dir='ltr'><strong>flumen</strong></span> <span class='ocrx_word' id='word_1_130' title='bbox 2105 2354 2500 2417; x_wconf 80' lang='lat' dir='ltr'><strong>accolentium</strong></span> <span class='ocrx_word' id='word_1_131' title='bbox 2525 2375 2662 2416; x_wconf 91' lang='lat' dir='ltr'><strong>cum</strong></span> <span class='ocrx_word' id='word_1_132' title='bbox 2699 2353 3046 2435; x_wconf 84' lang='lat' dir='ltr'><strong>Catugnato</strong></span> 
     </span>
     <span class='ocr_line' id='line_1_20' title="bbox 1141 2451 3044 2531; baseline 0 -19"><span class='ocrx_word' id='word_1_133' title='bbox 1141 2453 1333 2531; x_wconf 85' lang='lat' dir='ltr'><strong>gentis</strong></span> <span class='ocrx_word' id='word_1_134' title='bbox 1356 2454 1639 2513; x_wconf 79' lang='lat' dir='ltr'><strong>universae</strong></span> <span class='ocrx_word' id='word_1_135' title='bbox 1665 2452 1820 2514; x_wconf 86' lang='lat' dir='ltr'><strong>duee</strong></span> <span class='ocrx_word' id='word_1_136' title='bbox 1845 2452 2158 2514; x_wconf 83' lang='lat' dir='ltr'><strong>affuerunt.</strong></span> <span class='ocrx_word' id='word_1_137' title='bbox 2243 2451 2344 2512; x_wconf 93' lang='lat' dir='ltr'><strong>Ibi</strong></span> <span class='ocrx_word' id='word_1_138' title='bbox 2373 2452 2662 2524; x_wconf 85' lang='lat' dir='ltr'><strong>Manlius,</strong></span> <span class='ocrx_word' id='word_1_139' title='bbox 2687 2472 2824 2513; x_wconf 89' lang='lat' dir='ltr'><strong>cum</strong></span> <span class='ocrx_word' id='word_1_140' title='bbox 2849 2461 3044 2512; x_wconf 82' lang='lat' dir='ltr'><strong>trans-</strong></span> 
     </span>
     <span class='ocr_line' id='line_1_21' title="bbox 1140 2547 3042 2631; baseline -0.001 -22"><span class='ocrx_word' id='word_1_141' title='bbox 1140 2549 1227 2609; x_wconf 90' lang='lat' dir='ltr'><strong>itu</strong></span> <span class='ocrx_word' id='word_1_142' title='bbox 1268 2549 1565 2631; x_wconf 84' lang='lat' dir='ltr'><strong>prohiberi</strong></span> <span class='ocrx_word' id='word_1_143' title='bbox 1602 2551 1821 2623; x_wconf 81' lang='lat' dir='ltr'><strong>hostes,</strong></span> <span class='ocrx_word' id='word_1_144' title='bbox 1867 2559 2106 2631; x_wconf 80' lang='lat' dir='ltr'><strong>propter</strong></span> <span class='ocrx_word' id='word_1_145' title='bbox 2155 2547 2594 2610; x_wconf 85' lang='lat' dir='ltr'><strong>multitudinem</strong></span> <span class='ocrx_word' id='word_1_146' title='bbox 2647 2549 3042 2628; x_wconf 75' lang='lat' dir='ltr'><strong>navigiorum,</strong></span> 
     </span>
     <span class='ocr_line' id='line_1_22' title="bbox 1140 2639 3042 2728; baseline 0 -22"><span class='ocrx_word' id='word_1_147' title='bbox 1140 2665 1259 2707; x_wconf 89' lang='lat' dir='ltr'><strong>non</strong></span> <span class='ocrx_word' id='word_1_148' title='bbox 1285 2655 1541 2728; x_wconf 83' lang='lat' dir='ltr'><strong>possent,</strong></span> <span class='ocrx_word' id='word_1_149' title='bbox 1579 2648 1802 2708; x_wconf 84' lang='lat' dir='ltr'><strong>veritus</strong></span> <span class='ocrx_word' id='word_1_150' title='bbox 1825 2647 1876 2708; x_wconf 86' lang='lat' dir='ltr'><strong>si</strong></span> <span class='ocrx_word' id='word_1_151' title='bbox 1901 2655 2104 2728; x_wconf 87' lang='lat' dir='ltr'><strong>aperte</strong></span> <span class='ocrx_word' id='word_1_152' title='bbox 2143 2655 2392 2707; x_wconf 73' lang='lat' dir='ltr'><strong>strueret</strong></span> <span class='ocrx_word' id='word_1_153' title='bbox 2425 2647 2640 2718; x_wconf 85' lang='lat' dir='ltr'><strong>aciem,</strong></span> <span class='ocrx_word' id='word_1_154' title='bbox 2679 2667 2752 2706; x_wconf 89' lang='lat' dir='ltr'><strong>ne</strong></span> <span class='ocrx_word' id='word_1_155' title='bbox 2789 2639 3042 2707; x_wconf 82' lang='lat' dir='ltr'><strong>con&#39;ferti</strong></span> 
     </span>
     <span class='ocr_line' id='line_1_23' title="bbox 1142 2742 3046 2824; baseline 0 -22"><span class='ocrx_word' id='word_1_156' title='bbox 1142 2742 1405 2823; x_wconf 85' lang='lat' dir='ltr'><strong>unitique</strong></span> <span class='ocrx_word' id='word_1_157' title='bbox 1433 2743 1860 2816; x_wconf 85' lang='lat' dir='ltr'><strong>incumberent,</strong></span> <span class='ocrx_word' id='word_1_158' title='bbox 1889 2744 1950 2802; x_wconf 92' lang='lat' dir='ltr'><strong>in</strong></span> <span class='ocrx_word' id='word_1_159' title='bbox 1972 2743 2314 2824; x_wconf 79' lang='lat' dir='ltr'><strong>propinquis</strong></span> <span class='ocrx_word' id='word_1_160' title='bbox 2337 2742 2566 2803; x_wconf 83' lang='lat' dir='ltr'><strong>flumini</strong></span> <span class='ocrx_word' id='word_1_161' title='bbox 2593 2743 2926 2802; x_wconf 85' lang='lat' dir='ltr'><strong>nemoribus</strong></span> <span class='ocrx_word' id='word_1_162' title='bbox 2947 2761 3046 2802; x_wconf 87' lang='lat' dir='ltr'><strong>oc-</strong></span> 
     </span>
     <span class='ocr_line' id='line_1_24' title="bbox 1138 2837 3042 2922; baseline 0.001 -24"><span class='ocrx_word' id='word_1_163' title='bbox 1138 2837 1335 2899; x_wconf 80' lang='lat' dir='ltr'><strong>cultus</strong></span> <span class='ocrx_word' id='word_1_164' title='bbox 1376 2840 1670 2912; x_wconf 86' lang='lat' dir='ltr'><strong>consedit,</strong></span> <span class='ocrx_word' id='word_1_165' title='bbox 1699 2850 1766 2902; x_wconf 88' lang='lat' dir='ltr'><strong>ut</strong></span> <span class='ocrx_word' id='word_1_166' title='bbox 1789 2839 2104 2922; x_wconf 82' lang='lat' dir='ltr'><strong>dissipatos</strong></span> <span class='ocrx_word' id='word_1_167' title='bbox 2125 2849 2189 2900; x_wconf 88' lang='lat' dir='ltr'><strong>et</strong></span> <span class='ocrx_word' id='word_1_168' title='bbox 2221 2841 2350 2900; x_wconf 87' lang='lat' dir='ltr'><strong>sine</strong></span> <span class='ocrx_word' id='word_1_169' title='bbox 2375 2848 2533 2900; x_wconf 76' lang='lat' dir='ltr'><strong>metu</strong></span> <span class='ocrx_word' id='word_1_170' title='bbox 2575 2861 2637 2900; x_wconf 85' lang='lat' dir='ltr'><strong>se</strong></span> <span class='ocrx_word' id='word_1_171' title='bbox 2678 2840 3042 2919; x_wconf 77' lang='lat' dir='ltr'><strong>trajicientes</strong></span> 
     </span>
     <span class='ocr_line' id='line_1_25' title="bbox 1138 2935 3080 3018; baseline 0.001 -24"><span class='ocrx_word' id='word_1_172' title='bbox 1138 2936 1457 3016; x_wconf 84' lang='lat' dir='ltr'><strong>exciperet.</strong></span> <span class='ocrx_word' id='word_1_173' title='bbox 1502 2935 1667 2997; x_wconf 86' lang='lat' dir='ltr'><strong>Satis</strong></span> <span class='ocrx_word' id='word_1_174' title='bbox 1687 2937 1942 2998; x_wconf 82' lang='lat' dir='ltr'><strong>feliciter</strong></span> <span class='ocrx_word' id='word_1_175' title='bbox 1967 2937 2250 3018; x_wconf 88' lang='lat' dir='ltr'><strong>processit</strong></span> <span class='ocrx_word' id='word_1_176' title='bbox 2274 2937 2642 3017; x_wconf 81' lang='lat' dir='ltr'><strong>aliquamdiu</strong></span> <span class='ocrx_word' id='word_1_177' title='bbox 2669 2936 2864 2996; x_wconf 90' lang='lat' dir='ltr'><strong>dolus.</strong></span> <span class='ocrx_word' id='word_1_178' title='bbox 2917 2935 3042 2996; x_wconf 87' lang='lat' dir='ltr'><strong>Sed</strong></span> <span class='ocrx_word' id='word_1_179' title='bbox 3067 3009 3080 3018; x_wconf 43' lang='lat'><strong>·</strong></span> 
     </span>
     <span class='ocr_line' id='line_1_26' title="bbox 1138 3031 3042 3115; baseline 0.002 -25"><span class='ocrx_word' id='word_1_180' title='bbox 1138 3031 1241 3091; x_wconf 91' lang='lat' dir='ltr'><strong>ubi</strong></span> <span class='ocrx_word' id='word_1_181' title='bbox 1282 3031 1577 3112; x_wconf 78' lang='lat' dir='ltr'><strong>fugientes</strong></span> <span class='ocrx_word' id='word_1_182' title='bbox 1612 3032 1901 3113; x_wconf 84' lang='lat' dir='ltr'><strong>quosdam</strong></span> <span class='ocrx_word' id='word_1_183' title='bbox 1945 3035 2266 3106; x_wconf 75' lang='lat' dir='ltr'><strong>insecutus,</strong></span> <span class='ocrx_word' id='word_1_184' title='bbox 2308 3034 2368 3094; x_wconf 89' lang='lat' dir='ltr'><strong>in</strong></span> <span class='ocrx_word' id='word_1_185' title='bbox 2405 3035 2594 3115; x_wconf 88' lang='lat' dir='ltr'><strong>ipsum</strong></span> <span class='ocrx_word' id='word_1_186' title='bbox 2634 3033 3042 3112; x_wconf 80' lang='lat' dir='ltr'><strong>Catugnatum</strong></span> 
     </span>
     <span class='ocr_line' id='line_1_27' title="bbox 1138 3129 3096 3213; baseline 0.002 -25"><span class='ocrx_word' id='word_1_187' title='bbox 1138 3135 1359 3188; x_wconf 83' lang='lat' dir='ltr'><strong>temere</strong></span> <span class='ocrx_word' id='word_1_188' title='bbox 1404 3129 1635 3203; x_wconf 83' lang='lat' dir='ltr'><strong>incidit,</strong></span> <span class='ocrx_word' id='word_1_189' title='bbox 1675 3150 1817 3191; x_wconf 88' lang='lat' dir='ltr'><strong>cum</strong></span> <span class='ocrx_word' id='word_1_190' title='bbox 1841 3131 2113 3192; x_wconf 83' lang='lat' dir='ltr'><strong>omnibus</strong></span> <span class='ocrx_word' id='word_1_191' title='bbox 2145 3133 2269 3192; x_wconf 87' lang='lat' dir='ltr'><strong>suis</strong></span> <span class='ocrx_word' id='word_1_192' title='bbox 2313 3133 2590 3213; x_wconf 88' lang='lat' dir='ltr'><strong>perierat,</strong></span> <span class='ocrx_word' id='word_1_193' title='bbox 2629 3131 2690 3191; x_wconf 90' lang='lat' dir='ltr'><strong>ni</strong></span> <span class='ocrx_word' id='word_1_194' title='bbox 2730 3132 3043 3212; x_wconf 84' lang='lat' dir='ltr'><strong>repentina</strong></span> <span class='ocrx_word' id='word_1_195' title='bbox 3084 3183 3096 3192; x_wconf 92' lang='lat'><strong>.</strong></span> 
     </span>
     <span class='ocr_line' id='line_1_28' title="bbox 1136 3226 3041 3310; baseline -0.001 -23"><span class='ocrx_word' id='word_1_196' title='bbox 1136 3235 1453 3309; x_wconf 81' lang='lat' dir='ltr'><strong>tempestas</strong></span> <span class='ocrx_word' id='word_1_197' title='bbox 1476 3228 1631 3288; x_wconf 83' lang='lat' dir='ltr'><strong>hosti</strong></span> <span class='ocrx_word' id='word_1_198' title='bbox 1667 3249 1834 3289; x_wconf 87' lang='lat' dir='ltr'><strong>suam</strong></span> <span class='ocrx_word' id='word_1_199' title='bbox 1861 3231 2228 3290; x_wconf 86' lang='lat' dir='ltr'><strong>occasionem</strong></span> <span class='ocrx_word' id='word_1_200' title='bbox 2253 3230 2578 3310; x_wconf 75' lang='lat' dir='ltr'><strong>eripuisset.</strong></span> <span class='ocrx_word' id='word_1_201' title='bbox 2664 3228 2894 3288; x_wconf 82' lang='lat' dir='ltr'><strong>Postea</strong></span> <span class='ocrx_word' id='word_1_202' title='bbox 2913 3226 3041 3286; x_wconf 87' lang='lat' dir='ltr'><strong>Ca·</strong></span> 
     </span>
     <span class='ocr_line' id='line_1_29' title="bbox 1137 3324 3039 3406; baseline -0.001 -22"><span class='ocrx_word' id='word_1_203' title='bbox 1137 3332 1384 3404; x_wconf 84' lang='lat' dir='ltr'><strong>tugnato</strong></span> <span class='ocrx_word' id='word_1_204' title='bbox 1412 3324 1647 3406; x_wconf 82' lang='lat' dir='ltr'><strong>longius</strong></span> <span class='ocrx_word' id='word_1_205' title='bbox 1683 3326 2060 3396; x_wconf 77' lang='lat' dir='ltr'><strong>abscedente,</strong></span> <span class='ocrx_word' id='word_1_206' title='bbox 2089 3326 2266 3386; x_wconf 88' lang='lat' dir='ltr'><strong>rediit</strong></span> <span class='ocrx_word' id='word_1_207' title='bbox 2303 3326 2382 3386; x_wconf 84' lang='lat' dir='ltr'><strong>ad</strong></span> <span class='ocrx_word' id='word_1_208' title='bbox 2403 3325 2690 3386; x_wconf 82' lang='lat' dir='ltr'><strong>Ventiam</strong></span> <span class='ocrx_word' id='word_1_209' title='bbox 2733 3325 3039 3393; x_wconf 66' lang='lat' dir='ltr'><strong>lentinuus,</strong></span> 
     </span>
     <span class='ocr_line' id='line_1_30' title="bbox 1136 3423 2362 3506; baseline -0.002 -22"><span class='ocrx_word' id='word_1_210' title='bbox 1136 3423 1551 3503; x_wconf 74' lang='lat' dir='ltr'><strong>obsessamque</strong></span> <span class='ocrx_word' id='word_1_211' title='bbox 1575 3433 1639 3485; x_wconf 90' lang='lat' dir='ltr'><strong>et</strong></span> <span class='ocrx_word' id='word_1_212' title='bbox 1667 3432 2072 3506; x_wconf 85' lang='lat' dir='ltr'><strong>oppugnatam</strong></span> <span class='ocrx_word' id='word_1_213' title='bbox 2095 3424 2158 3485; x_wconf 82' lang='lat' dir='ltr'><strong>vi</strong></span> <span class='ocrx_word' id='word_1_214' title='bbox 2181 3423 2362 3503; x_wconf 85' lang='lat' dir='ltr'><strong>cepit.</strong></span> 
     </span>
    </p>

    <p class='ocr_par' dir='ltr' id='par_1_9' title="bbox 1134 3516 3038 4184">
     <span class='ocr_line' id='line_1_31' title="bbox 1218 3516 3037 3597; baseline -0.003 -15"><span class='ocrx_word' id='word_1_215' title='bbox 1218 3527 1319 3582; x_wconf 75' lang='lat'><strong>39.</strong></span> <span class='ocrx_word' id='word_1_216' title='bbox 1364 3519 1609 3582; x_wconf 80' lang='lat' dir='ltr'><strong>Servius</strong></span> <span class='ocrx_word' id='word_1_217' title='bbox 1631 3529 1832 3583; x_wconf 87' lang='lat' dir='ltr'><strong>autem</strong></span> <span class='ocrx_word' id='word_1_218' title='bbox 1853 3519 2060 3581; x_wconf 80' lang='lat' dir='ltr'><strong>Galba</strong></span> <span class='ocrx_word' id='word_1_219' title='bbox 2077 3529 2142 3580; x_wconf 88' lang='lat' dir='ltr'><strong>et</strong></span> <span class='ocrx_word' id='word_1_220' title='bbox 2160 3518 2234 3579; x_wconf 90' lang='lat' dir='ltr'><strong>L.</strong></span> <span class='ocrx_word' id='word_1_221' title='bbox 2263 3519 2532 3579; x_wconf 87' lang='lat' dir='ltr'><strong>Marcius</strong></span> <span class='ocrx_word' id='word_1_222' title='bbox 2552 3516 2754 3597; x_wconf 84' lang='lat' dir='ltr'><strong>legati,</strong></span> <span class='ocrx_word' id='word_1_223' title='bbox 2783 3517 3037 3578; x_wconf 84' lang='lat' dir='ltr'><strong>Rhoda-</strong></span> 
     </span>
     <span class='ocr_line' id='line_1_32' title="bbox 1137 3615 3038 3700; baseline -0.002 -22"><span class='ocrx_word' id='word_1_224' title='bbox 1137 3637 1217 3678; x_wconf 88' lang='lat' dir='ltr'><strong>no</strong></span> <span class='ocrx_word' id='word_1_225' title='bbox 1236 3618 1595 3688; x_wconf 87' lang='lat' dir='ltr'><strong>transmisso,</strong></span> <span class='ocrx_word' id='word_1_226' title='bbox 1622 3617 2032 3700; x_wconf 89' lang='lat' dir='ltr'><strong>populabundi</strong></span> <span class='ocrx_word' id='word_1_227' title='bbox 2073 3638 2246 3698; x_wconf 86' lang='lat' dir='ltr'><strong>agros</strong></span> <span class='ocrx_word' id='word_1_228' title='bbox 2285 3616 2682 3694; x_wconf 79' lang='lat' dir='ltr'><strong>Allobrogum</strong></span> <span class='ocrx_word' id='word_1_229' title='bbox 2729 3615 3038 3678; x_wconf 89' lang='lat' dir='ltr'><strong>Solonium</strong></span> 
     </span>
     <span class='ocr_line' id='line_1_33' title="bbox 1136 3712 3036 3796; baseline -0.002 -20"><span class='ocrx_word' id='word_1_230' title='bbox 1136 3714 1423 3796; x_wconf 88' lang='lat' dir='ltr'><strong>oppidum</strong></span> <span class='ocrx_word' id='word_1_231' title='bbox 1451 3725 1862 3796; x_wconf 80' lang='lat' dir='ltr'><strong>pervenerant,</strong></span> <span class='ocrx_word' id='word_1_232' title='bbox 1899 3713 2150 3775; x_wconf 78' lang='lat' dir='ltr'><strong>castello</strong></span> <span class='ocrx_word' id='word_1_233' title='bbox 2183 3715 2412 3774; x_wconf 88' lang='lat' dir='ltr'><strong>munito</strong></span> <span class='ocrx_word' id='word_1_234' title='bbox 2449 3712 2612 3773; x_wconf 88' lang='lat' dir='ltr'><strong>haud</strong></span> <span class='ocrx_word' id='word_1_235' title='bbox 2653 3712 2860 3794; x_wconf 89' lang='lat' dir='ltr'><strong>procul</strong></span> <span class='ocrx_word' id='word_1_236' title='bbox 2895 3713 3036 3773; x_wconf 87' lang='lat' dir='ltr'><strong>inde</strong></span> 
     </span>
     <span class='ocr_line' id='line_1_34' title="bbox 1136 3808 3034 3893; baseline -0.002 -21"><span class='ocrx_word' id='word_1_237' title='bbox 1136 3811 1329 3893; x_wconf 88' lang='lat' dir='ltr'><strong>potiti.</strong></span> <span class='ocrx_word' id='word_1_238' title='bbox 1412 3811 1807 3872; x_wconf 84' lang='lat' dir='ltr'><strong>Occurrentes</strong></span> <span class='ocrx_word' id='word_1_239' title='bbox 1832 3810 2050 3872; x_wconf 86' lang='lat' dir='ltr'><strong>deinde</strong></span> <span class='ocrx_word' id='word_1_240' title='bbox 2076 3811 2272 3872; x_wconf 82' lang='lat' dir='ltr'><strong>hostes</strong></span> <span class='ocrx_word' id='word_1_241' title='bbox 2297 3810 2503 3892; x_wconf 82' lang='lat' dir='ltr'><strong>praelio</strong></span> <span class='ocrx_word' id='word_1_242' title='bbox 2527 3808 2826 3881; x_wconf 79' lang='lat' dir='ltr'><strong>fuderunt,</strong></span> <span class='ocrx_word' id='word_1_243' title='bbox 2863 3810 3034 3891; x_wconf 82' lang='lat' dir='ltr'><strong>oppi-</strong></span> 
     </span>
     <span class='ocr_line' id='line_1_35' title="bbox 1136 3905 3036 3990; baseline -0.002 -22"><span class='ocrx_word' id='word_1_244' title='bbox 1136 3907 1317 3989; x_wconf 89' lang='lat' dir='ltr'><strong>dique</strong></span> <span class='ocrx_word' id='word_1_245' title='bbox 1345 3916 1571 3990; x_wconf 78' lang='lat' dir='ltr'><strong>partem</strong></span> <span class='ocrx_word' id='word_1_246' title='bbox 1598 3907 2008 3981; x_wconf 83' lang='lat' dir='ltr'><strong>incenderunt,</strong></span> <span class='ocrx_word' id='word_1_247' title='bbox 2049 3909 2212 3986; x_wconf 89' lang='lat' dir='ltr'><strong>(nam</strong></span> <span class='ocrx_word' id='word_1_248' title='bbox 2254 3907 2539 3990; x_wconf 86' lang='lat' dir='ltr'><strong>pleraque</strong></span> <span class='ocrx_word' id='word_1_249' title='bbox 2575 3905 2832 3968; x_wconf 85' lang='lat' dir='ltr'><strong>aedificia</strong></span> <span class='ocrx_word' id='word_1_250' title='bbox 2873 3905 3036 3985; x_wconf 84' lang='lat' dir='ltr'><strong>ligno</strong></span> 
     </span>
     <span class='ocr_line' id='line_1_36' title="bbox 1134 4003 3034 4086; baseline -0.002 -21"><span class='ocrx_word' id='word_1_251' title='bbox 1134 4015 1437 4068; x_wconf 83' lang='lat' dir='ltr'><strong>exstructa</strong></span> <span class='ocrx_word' id='word_1_252' title='bbox 1470 4004 1756 4084; x_wconf 86' lang='lat' dir='ltr'><strong>fuerant,)</strong></span> <span class='ocrx_word' id='word_1_253' title='bbox 1797 4026 1872 4066; x_wconf 89' lang='lat' dir='ltr'><strong>ne</strong></span> <span class='ocrx_word' id='word_1_254' title='bbox 1912 4005 2244 4066; x_wconf 84' lang='lat' dir='ltr'><strong>universam</strong></span> <span class='ocrx_word' id='word_1_255' title='bbox 2273 4013 2554 4086; x_wconf 87' lang='lat' dir='ltr'><strong>caperent</strong></span> <span class='ocrx_word' id='word_1_256' title='bbox 2573 4003 2897 4084; x_wconf 86' lang='lat' dir='ltr'><strong>Catugnati</strong></span> <span class='ocrx_word' id='word_1_257' title='bbox 2938 4023 3034 4062; x_wconf 85' lang='lat' dir='ltr'><strong>su-</strong></span> 
     </span>
     <span class='ocr_line' id='line_1_37' title="bbox 1136 4099 3032 4184; baseline -0.003 -20"><span class='ocrx_word' id='word_1_258' title='bbox 1136 4113 1417 4184; x_wconf 84' lang='lat' dir='ltr'><strong>perventu</strong></span> <span class='ocrx_word' id='word_1_259' title='bbox 1470 4102 1769 4184; x_wconf 86' lang='lat' dir='ltr'><strong>prohibiti.</strong></span> <span class='ocrx_word' id='word_1_260' title='bbox 1870 4101 1996 4164; x_wconf 82' lang='lat' dir='ltr'><strong>His</strong></span> <span class='ocrx_word' id='word_1_261' title='bbox 2037 4102 2210 4163; x_wconf 87' lang='lat' dir='ltr'><strong>rebus</strong></span> <span class='ocrx_word' id='word_1_262' title='bbox 2251 4102 2488 4173; x_wconf 81' lang='lat' dir='ltr'><strong>auditis,</strong></span> <span class='ocrx_word' id='word_1_263' title='bbox 2534 4099 2859 4160; x_wconf 86' lang='lat' dir='ltr'><strong>Pontinius</strong></span> <span class='ocrx_word' id='word_1_264' title='bbox 2897 4119 3032 4160; x_wconf 87' lang='lat' dir='ltr'><strong>cum</strong></span> 
     </span>
    </p>
   </div>
   <div class='ocr_carea' id='block_1_8' title="bbox 1136 4308 3032 4510">
    <p class='ocr_par' dir='ltr' id='par_1_10' title="bbox 1136 4308 3032 4510">
     <span class='ocr_line' id='line_1_38' title="bbox 1200 4308 3032 4378; baseline -0.001 -19"><span class='ocrx_word' id='word_1_265' title='bbox 1200 4314 1234 4358; x_wconf 80' lang='lat'><strong>6</strong></span> <span class='ocrx_word' id='word_1_266' title='bbox 1265 4308 1351 4359; x_wconf 76' lang='lat' dir='ltr'><strong>Ita</strong></span> <span class='ocrx_word' id='word_1_267' title='bbox 1374 4323 1443 4358; x_wconf 81' lang='lat' dir='ltr'><strong>ex</strong></span> <span class='ocrx_word' id='word_1_268' title='bbox 1482 4310 1603 4374; x_wconf 70' lang='lat' dir='ltr'><strong>ipsa</strong></span> <span class='ocrx_word' id='word_1_269' title='bbox 1624 4311 1972 4378; x_wconf 74' lang='lat' dir='ltr'><strong>inscriptione</strong></span> <span class='ocrx_word' id='word_1_270' title='bbox 1993 4311 2161 4362; x_wconf 81' lang='lat' dir='ltr'><strong>edidit</strong></span> <span class='ocrx_word' id='word_1_271' title='bbox 2183 4311 2340 4362; x_wconf 75' lang='lat' dir='ltr'><strong>Crev.</strong></span> <span class='ocrx_word' id='word_1_272' title='bbox 2397 4311 2462 4361; x_wconf 87' lang='lat' dir='ltr'><strong>In</strong></span> <span class='ocrx_word' id='word_1_273' title='bbox 2483 4310 2606 4362; x_wconf 83' lang='lat' dir='ltr'><strong>cdd.</strong></span> <span class='ocrx_word' id='word_1_274' title='bbox 2630 4308 2818 4374; x_wconf 82' lang='lat' dir='ltr'><strong>priorr.</strong></span> <span class='ocrx_word' id='word_1_275' title='bbox 2839 4308 3032 4374; x_wconf 79' lang='lat' dir='ltr'><strong>legitur</strong></span> 
     </span>
     <span class='ocr_line' id='line_1_39' title="bbox 1136 4373 2906 4510; baseline -0.002 -20"><span class='ocrx_word' id='word_1_276' title='bbox 1136 4373 1531 4506; x_wconf 45' lang='lat' dir='ltr'><strong>ancvzqtnq·</strong></span> <span class='ocrx_word' id='word_1_277' title='bbox 1547 4439 1836 4496; x_wconf 79' lang='lat' dir='ltr'><strong>editionum</strong></span> <span class='ocrx_word' id='word_1_278' title='bbox 1855 4440 2046 4510; x_wconf 81' lang='lat' dir='ltr'><strong>priorr.</strong></span> <span class='ocrx_word' id='word_1_279' title='bbox 2067 4439 2275 4496; x_wconf 76' lang='lat' dir='ltr'><strong>emend.</strong></span> <span class='ocrx_word' id='word_1_280' title='bbox 2297 4441 2455 4494; x_wconf 78' lang='lat' dir='ltr'><strong>Crev.</strong></span> <span class='ocrx_word' id='word_1_281' title='bbox 2471 4455 2540 4494; x_wconf 76' lang='lat' dir='ltr'><strong>ex</strong></span> <span class='ocrx_word' id='word_1_282' title='bbox 2563 4439 2676 4492; x_wconf 85' lang='lat' dir='ltr'><strong>Cic.</strong></span> <span class='ocrx_word' id='word_1_283' title='bbox 2695 4445 2752 4491; x_wconf 83' lang='lat' dir='ltr'><strong>et</strong></span> <span class='ocrx_word' id='word_1_284' title='bbox 2775 4437 2906 4489; x_wconf 73' lang='lat' dir='ltr'><strong>Sall.</strong></span> 
     </span>
    </p>
   </div>
  </div>
 </body>
</html>
