3300 5234
760 499 943 588 6266
1823 535 1892 586 r.
1928 535 2120 588 mvn

1090 681 1403 743 ministrari
1426 683 1625 744 omnia
1648 682 1976 744 consultius
1997 681 2164 744 esse!
2225 679 2329 752 Sic
2354 679 2432 742 ad
2459 675 2801 764 Scipionem
2823 672 2983 744 snmss

767 783 899 833 Plut-
920 779 1038 832 Dio.
1092 799 1193 840 ma
1212 799 1399 840 rerum
1426 779 1624 852 rediit,
1652 780 1901 840 nominis
1926 800 2160 861 quoque
2185 779 2386 840 favore
2411 779 2703 859 adjutum,
2729 780 2982 840 bellum-

1094 897 1209 956 que
1234 885 1390 938 terra
1416 877 1682 958 marique
1707 876 1866 938 haud
1891 877 2144 956 segniter
2163 879 2435 958 apparari
2459 886 2732 957 coeptum.
2817 875 2986 936 Nam

1096 985 1158 1034 et
1185 973 1451 1034 Siciliam
1479 973 1930 1052 Sardiniamque
1957 973 2314 1034 infestabant
2331 974 2638 1044 classibus,
2657 981 2986 1054 captasque

1098 1090 1277 1131 naves
1298 1071 1743 1140 abstrahebant,
1786 1089 1952 1130 arma
1975 1071 2272 1150 praecipue
2301 1091 2372 1132 ac
2397 1069 2612 1130 ferrum
2634 1077 2986 1150 quaerentes,

1097 1167 1312 1246 quibus
1348 1168 1524 1227 rebus
1548 1167 1838 1245 egebant:
1879 1175 1942 1226 et
1983 1167 2042 1224 in
2087 1165 2306 1226 Africa
2349 1166 2631 1247 quicquid
2673 1165 2988 1226 adversum

1098 1265 1359 1345 partibus
1400 1263 1740 1335 videbatur,
1786 1263 2007 1326 validis
2057 1264 2348 1345 praesidiis
2395 1264 2772 1346 occupabant
2804 1283 2824 1331 3
2881 1272 2990 1322 aut

1095 1363 1247 1422 vires
1270 1360 1523 1425 nocendi
1547 1361 1942 1422 detrahebant
1965 1361 2269 1441 suspectis.

772 1473 882 1522 mv.
904 1469 1039 1538 Epit.
1172 1463 1236 1518 6.
1280 1457 1553 1518 Maxime
1586 1458 1986 1519 consultatum
2011 1467 2102 1518 est
2129 1456 2204 1518 de
2232 1456 2440 1528 Utica,
2469 1454 2798 1538 praevalida
2819 1455 2989 1527 urbe,

772 1537 905 1596 ΡΜ·
1096 1563 1159 1614 et
1184 1554 1243 1614 in
1272 1563 1467 1635 partes
1493 1553 1748 1615 Caesaris
1773 1555 2062 1636 proniore.
2147 1553 2578 1614 Infensissimus
2606 1553 2992 1612 Uticensibus

1096 1647 1259 1710 Juba
1282 1659 1433 1721 erat,
1474 1670 1694 1731 eosque
1721 1651 1956 1712 concidi
1983 1671 2204 1721 omnes,
2249 1651 2452 1710 urbem
2477 1650 2604 1709 solo
2629 1649 2853 1728 aequari
2883 1651 2990 1727 ju-

1094 1748 1317 1808 bebat:
1358 1749 1658 1828 ceterique
1689 1755 1849 1808 metu
1895 1756 2000 1808 aut
2041 1748 2434 1808 assentatione
2477 1745 2888 1806 concedebant
2931 1747 2990 1805 in

1092 1844 1462 1906 sententiam.
1545 1845 1646 1905 Ibi
1687 1845 1870 1916 Cato,
1913 1846 2157 1905 summis
2200 1846 2422 1906 viribus
2455 1844 2734 1914 obnixus,
2757 1843 2990 1903 salvum

1092 1939 1379 2020 oppidum
1404 1940 1663 2013 retinuit,
1688 1961 2142 2022 sponsoremque
2166 1940 2388 2001 obtulit
2421 1961 2530 2021 pro
2567 1939 2990 2000 Uticensibus:

1092 2056 1285 2117 eaque
1330 2039 1523 2116 gratia
1576 2037 1907 2098 custodiam
1950 2038 2151 2098 Uticae
2209 2037 2562 2118 finitimique
2605 2045 2672 2096 et
2711 2036 2896 2096 maris
2933 2046 2995 2097 et

1093 2134 1243 2212 agri,
1272 2132 1589 2194 mandante
1618 2133 1920 2215 Scipione,
1965 2135 2173 2194 lubens
2195 2135 2460 2214 recepit:
2505 2133 2830 2212 utilemque
2857 2153 2994 2214 par-

1091 2229 1273 2302 tibus,
1300 2238 1364 2291 et
1385 2251 1577 2290 rerum
1602 2231 1866 2291 omnium
1885 2230 2051 2291 velut
2075 2232 2344 2292 horreum
2373 2229 2594 2301 effecit,
2623 2249 2812 2300 arma,
2831 2249 2994 2290 com·

1094 2335 1347 2398 meatus,
1373 2327 1678 2389 machinas
1703 2327 1840 2388 binc
1877 2327 2238 2393 exercitibus
2261 2326 2667 2398 ministrando,
2691 2347 2880 2407 quam
2905 2328 2993 2386 in-

1094 2427 1366 2486 consulta
1391 2434 1719 2486 ceterorum
1746 2425 1837 2485 ira
1859 2423 2118 2484 deletam
2138 2426 2466 2505 cupiverat.
2550 2421 2655 2483 Ita
2673 2423 2996 2485 crudelitas

1096 2529 1159 2582 et
1183 2521 1440 2597 amentia
1464 2541 1621 2602 saepe
1642 2521 1702 2581 in
1727 2541 1838 2580 sua
1861 2520 2136 2602 praesidia
2159 2521 2428 2582 saeviunt.

772 2637 891 2690 Dio.
1179 2624 1238 2681 7.
1282 2617 1571 2698 Ejusdem
1614 2617 1866 2678 Catonis
1907 2617 2144 2676 hortatu
2169 2617 2351 2698 paulo
2381 2625 2512 2698 post
2533 2619 2712 2677 etiam
2755 2618 2820 2676 in
2849 2615 3000 2677 His:

769 2704 995 2821 *ὶῐζιξῖἒο
1010 2767 1073 2816 Β.
1096 2716 1278 2796 pania
1302 2734 1579 2793 magnum
1620 2712 1846 2774 bellum
1877 2713 1993 2773 Cn.
2024 2712 2356 2795 Pompeius
2391 2713 2732 2774 adolescens
2767 2715 2996 2774 excita·-

768 2834 878 2884 Λᾶ.
899 2849 945 2886 0,
966 2837 1048 2884 2².
1093 2814 1202 2874 vit.
1286 2811 1455 2872 Nam
1480 2811 1736 2871 hominis
1763 2810 2090 2889 gravissimi
2115 2812 2313 2872 verbis
2336 2811 2691 2883 stimulatus,
2735 2831 2850 2892 pro
2875 2810 2996 2871 cla-

1092 2907 1347 2974 titudine
1374 2915 1638 2988 paterna,
1661 2906 1998 2986 relictisque
2027 2907 2104 2968 ab
2125 2927 2198 2972 eo
2223 2907 2540 2979 clientelis,
2561 2927 2780 2986 magno
2800 2901 3028 2967 animo‘

1081 3007 1357 3084 jubentis
1396 3003 1822 3085 rempublicam
1863 3023 2207 3084 capessereg
2251 3005 2550 3086 profectus
2585 3006 2662 3066 ab
2707 3004 2908 3064 Utica
2939 3005 2999 3063 in

1092 3122 1340 3184 regnum
1369 3101 1662 3180 Bogudis,
1690 3099 2068 3182 repulsusque
2097 3123 2136 3162 a
2163 3101 2414 3173 Mauris,
2431 3104 2669 3183 trajecit
2691 3103 2754 3162 in
2775 3101 2998 3162 Balea-

770 3195 910 3307 ACic·
930 3195 993 3246 ud
1094 3219 1185 3258 res
1224 3197 1467 3258 insulas.
1552 3195 1732 3268 Inde,
1758 3197 2012 3277 cognitis
2045 3196 2364 3278 Hispaniae
2393 3199 2602 3270 turbis,
2627 3217 2886 3278 quarum
2925 3217 2999 3258 ex

771 3269 1002 3374 „⁸52⁸”
1022 3265 1075 3310 ²⁸
1098 3293 1385 3355 Cassiano
1432 3293 1686 3354 tumultu
1731 3313 1961 3372 magnoe
2003 3300 2066 3354 et
2105 3314 2268 3354 acres
2305 3295 2571 3374 reliquioe
2611 3303 2806 3366 erant,
2833 3294 3002 3355 brevi

770 3388 955 3504 BAffi
978 3387 1041 3437 δὲ
1096 3399 1359 3472 tempore
1386 3392 1643 3472 insignes
1688 3391 1746 3450 in
1793 3389 2068 3452 ulteriore
2109 3391 2414 3472 provincia
2453 3411 2791 3473 progressus
2815 3392 3000 3452 fecit:

768 3487 881 3572 αἰ,
1096 3496 1160 3549 et
1192 3489 1335 3570 quia
1374 3509 1482 3550 nec
1509 3488 1801 3550 Afranius
1841 3507 1952 3549 nec
1998 3488 2284 3549 Petreius
2315 3491 2590 3571 excipere
2615 3488 2890 3550 delatmn
2926 3487 3028 3570 ab·

770 3581 882 3633 Ην·
910 3581 1043 3648 EPR-
1098 3585 1231 3666 ipso
1256 3587 1563 3667 imperium
1587 3585 1924 3657 voluerant,
1957 3585 2240 3647 ulteriora
2267 3587 2524 3646 subinde
2547 3587 2764 3660 moliri,
2793 3595 2860 3647 et
2897 3605 2997 3668 per

1097 3695 1161 3745 se
1190 3683 1595 3744 administrare
1619 3683 1848 3744 bellum
1875 3683 2073 3765 coepit.

958 3469 1007 3518 p.

804 3795 933 3848 nin.
950 3797 1013 3846 de
1180 3787 1239 3842 8.
1282 3778 1379 3840 At
1414 3779 1665 3842 diversis
1704 3780 1881 3860 longe
1927 3779 2090 3840 orbis
2131 3780 2402 3861 partibus
2433 3777 2660 3851 Casas,
2699 3789 2996 3841 conventu

770 3861 836 3912 Β·
856 3862 999 3970 Alex.
1102 3875 1361 3938 Cilicum
1384 3875 1557 3938 Tarsi
1582 3887 1742 3950 acto,
1789 3897 1896 3959 per
1925 3876 2378 3959 Cappadociam
2419 3877 2653 3956 magnis
2693 3864 3000 3937 itineribus
3045 3887 3052 3896 ”

772 3957 1025 4071 fimi?
1102 3971 1374 4035 Comana
1399 3975 1595 4035 venit:
1640 3976 1841 4055 ibique
1865 3973 2201 4036 sacerdotio
2223 3965 2548 4056 Lycomedi
2563 3981 2588 4010 ⁸
2627 3973 2872 4046 tradito,
2895 3975 2996 4055 qui

772 4027 1057 4204 jin-'3²:⁶8
1099 4091 1133 4130 e
1178 4070 1337 4149 regio
1380 4069 1812 4153 Cappadocum
1855 4091 2066 4151 genere
2104 4070 2370 4132 ducebat
2411 4073 2676 4153 stirpem,
2719 4071 2898 4151 hujus
2937 4071 2994 4130 in

834 4167 877 4201 ι.
890 4167 943 4218 p.
1058 4187 1075 4203 .

1098 4319 1497 4438 &Lx-emi]
1544 4321 1632 4376 Sic
1671 4335 1790 4376 eum
1814 4321 2005 4376 Strabo
2030 4330 2216 4376 vocat:
2253 4323 2457 4376 fflrtins
2479 4317 2538 4374 et
2557 4321 2827 4390 Appi-nm
2849 4323 2994 4375 Niu-
