3300 5234
832 598 1043 647 mnu
1092 598 1211 647 cv.
1256 599 1601 649 surenam
1617 558 1908 650 ιὲιιτυιι.
2301 584 2477 655 5051

267 760 367 802 non
406 738 654 803 auderet
690 738 981 801 confiteri.
1068 739 1191 801 Sed
1234 740 1336 801 ille
1364 742 1424 801 in
1453 738 1687 813 senatu.
1711 742 1950 806 consule
1985 752 2046 804 st
2083 742 2153 805 L.
2179 750 2482 809 Planctus.

268 838 515 899 Domitio
540 836 873 899 candidato
908 838 1426 917 interrogantibus,
1468 848 1486 875 ⁸
1506 839 1772 901 fortassis
1805 841 2122 921 petiturum
2139 842 2157 873 '
2179 832 2231 873 εἴ
2245 822 2418 889 ΡΜΡ·

266 934 564 1017 respondit,
614 943 632 971 ‘
654 934 921 995 fortassis
956 934 1305 995 destiturum
1348 957 1385 995 a
1426 936 1714 1017 petitione
1735 937 1774 994 :’
1814 947 1900 1009 et,
1938 937 2154 997 instan-

266 1034 407 1095 tibus
443 1032 583 1105 illis,
606 1032 871 1113 adjecit,
914 1042 933 1069 ‘
947 1033 1233 1093 bonorum
1272 1032 1491 1095 civium
1516 1054 1700 1094 causa
1733 1054 1852 1095 non
1886 1055 2011 1105 esse
2051 1055 2158 1097 cur
2181 1048 2296 1102 Dio.

267 1138 446 1212 petat:
476 1150 627 1204 esse,
654 1149 775 1211 quo
799 1130 1033 1191 resistat
1056 1130 1271 1191 malis!
1339 1130 1531 1191 Simul
1561 1131 1954 1210 interrogatus
1978 1131 2157 1193 Cras-
2181 1147 2317 1204 Plut.

266 1248 353 1288 sus
392 1228 605 1289 fuerat.
702 1225 828 1287 Ille
890 1235 908 1263 ‘
936 1248 1000 1287 se
1051 1226 1347 1288 facturum
1363 1228 1381 1257 ⁹
1436 1228 1617 1299 dixit,
1663 1237 1681 1265 ‘
1699 1228 1864 1312 quod
1917 1248 1996 1289 ex
2049 1250 2160 1290 usu

266 1323 591 1406 reipublicae
614 1323 827 1385 fuisset
849 1323 1081 1385 visum?

331 1430 389 1484 6.
429 1422 631 1483 Crassi
654 1442 997 1504 responsum
1022 1420 1403 1493 moderatius,
1440 1422 1730 1504 Pompeii
1757 1422 2075 1503 superbum
2099 1409 2161 1485 et

267 1520 487 1581 incivile
539 1540 677 1591 cum
727 1520 1205 1588 existimaretur;
1271 1517 1668 1579 Marcellinus
1732 1520 2003 1579 invectus
2051 1540 2162 1581 suo

268 1638 407 1678 more
428 1618 488 1677 in
516 1616 875 1698 Pompeium
902 1626 1015 1688 est,
1038 1636 1141 1698 per
1164 1617 1293 1677 lunc
1318 1625 1587 1697 tempora
1610 1636 1748 1677 eum
1773 1626 1836 1677 et
1873 1617 1934 1676 in
1971 1619 2158 1689 curia,
2215 1632 2320 1685 cie.
2343 1634 2406 1683 sd

266 1724 321 1775 et
339 1714 409 1775 ad
436 1714 723 1796 populum
748 1733 957 1795 aspere
996 1722 1251 1773 nactam
1290 1722 1511 1774 suetus.
1594 1712 1936 1794 Respondit
1969 1714 2159 1775 Pom·
2185 1697 2250 1811 Qx‘
2272 1698 2424 1747 ΡΜ·

268 1814 433 1895 peius,
476 1812 741 1872 ‘malam
778 1812 891 1871 sibi
932 1832 971 1871 a
1008 1810 1367 1871 Marcellino
1395 1810 1599 1871 referri
1622 1811 1897 1889 gratiam,
1925 1813 2029 1892 qui
2053 1832 2161 1875 suo
2184 1827 2490 1893 Plutl’mnp.

266 1909 543 1971 beneficio
592 1908 787 1969 factus
838 1928 917 1969 ex
970 1908 1197 1988 elingui
1248 1906 1543 1967 facundus
1593 1916 1788 1977 essetg
1851 1915 1933 1979 et,
1986 1918 2165 1970 antea

256 2008 480 2087 jejunas
518 2026 592 2068 ae
634 2004 963 2077 famelicus,
1000 2025 1157 2066 nunc
1184 2005 1451 2085 quotidie
1481 2006 1787 2066 vomeret?
1868 2004 1967 2065 At
1992 2004 2062 2065 M
2069 2026 2163 2065 ar-

265 2102 517 2175 cellinus,
544 2104 662 2164 hoc
688 2096 853 2165 velut
888 2101 1100 2163 ultimo
1124 2112 1345 2163 conatu
1384 2100 1569 2173 edito,
1608 2102 1670 2161 in
1705 2110 2000 2183 posterum
2027 2102 2164 2163 abs-
2189 2118 2308 2169 Dio.

264 2202 420 2261 tinuit
466 2201 661 2272 curia,
703 2200 1011 2280 majorque
1056 2218 1193 2260 cum
1244 2220 1319 2261 eo
1372 2218 1511 2279 pars
1563 2205 1838 2278 patrum3
1894 2197 2048 2259 adeo
2089 2190 2169 2261 'ut

266 2318 543 2379 nunqnam
570 2297 981 2359 adnumerum
1004 2285 1240 2377 reliqua
1258 2296 1390 2375 ejus
1408 2296 1549 2356 anni
1570 2304 1741 2378 parte
1760 2296 2168 2357 convenirent.

268 2394 451 2455 Ceteri
476 2415 669 2475 neque
693 2402 916 2455 vestem
939 2394 1299 2455 senatoriam
1323 2412 1615 2453 resumere
1642 2380 1948 2465 volebant,
1973 2413 2168 2472 neque

267 2492 391 2552 ullis
412 2492 625 2553 adesse
646 2490 1011 2551 solennibus.
1098 2488 1318 2571 Itaque
1346 2510 1458 2550 nec
1487 2490 1549 2550 in
1576 2488 1888 2551 Albanum
1911 2500 2168 2550 montem
2193 2496 2382 2549 cicero.

269 2590 502 2662 iverunt,
548 2610 691 2649 cum
728 2588 895 2649 feriae
946 2586 1176 2648 Latinae
1217 2588 1633 2648 instaurentur.
1720 2586 1825 2648 Sic
1875 2588 2167 2661 absumto,
2191 2594 2312 2645 Dio.

264 2684 409 2766 quod
432 2686 733 2767 reliquum
772 2704 851 2746 ex
890 2705 965 2747 eo
1000 2705 1155 2745 anno
1196 2684 1417 2755 fuerat,'
1439 2704 1601 2755 cum,
1630 2685 1992 2767 circumacto
2027 2704 2168 2745 con·

266 2782 437 2843 sulum
464 2782 741 2864 imperio,
764 2782 1083 2860 interreges
1108 2781 1297 2843 creari
1320 2782 1654 2861 coepisseut,
1671 2780 2010 2863 Pompeius
2031 2802 2169 2841 cum

267 2878 463 2941 Crasso
484 2878 865 2941 consulatum
890 2888 1095 2964 aperte
1120 2887 1319 2959 petere
1344 2878 1628 2939 decrevit.

338 2984 393 3041 ’1.
434 2976 577 3039 Hos
622 2984 835 3058 praeter
874 2977 1173 3057 propriam
1212 2976 1541 3055 potentiam
1578 2976 1752 3036 amici
1783 2974 2038 3035 Caesaris
2063 2974 2359 3035 ad·P1¹¹t·

258 3074 559 3153 juvabant,
588 3072 674 3135 ad
699 3092 849 3153 quos
872 3072 979 3133 ille
1004 3072 1356 3153 scripserat:
1398 3070 1503 3131 sed
1544 3080 1607 3132 et
1646 3071 1864 3133 milites
1889 3072 2170 3153 plurimos
2191 3040 2360 3157 ἓξὲξ·
2378 3048 2432 3156 ἓξ

266 3190 387 3231 cum
411 3171 491 3231 P.
520 3170 750 3232 Crasso
776 3168 871 3229 M.
896 3168 969 3230 F.
991 3190 1097 3251 per
1122 3188 1362 3229 causam
1388 3178 1826 3229 commeatuum
1851 3170 1912 3228 in
1937 3168 2168 3228 Urbem
2191 3172 2260 3222 Ca
2245 3180 2302 3287 it.

266 3268 409 3329 idem
434 3268 653 3330 emar
674 3268 933 3327 miserat.
1020 3264 1143 3326 His
1166 3268 1345 3327 rebus
1366 3266 1633 3327 deterriti
1659 3267 1842 3327 ceteri
1867 3266 2170 3327 candidati

266 3376 475 3427 mature
499 3372 829 3428 ceoeernnt.
910 3362 985 3423 L.
1015 3361 1349 3423 Domitium
1387 3366 1601 3424 sororis
1624 3383 1746 3424 suae
1771 3366 2046 3425 maritum
2073 3362 2168 3427 M.

267 3460 409 3524 Cato
454 3462 861 3533 confirmavit,
920 3468 1043 3520 ‘ne
1110 3470 1441 3541 susceptam
1491 3460 1569 3521 de
1620 3459 1893 3522 libertate
1948 3462 2168 3533 verius,
2192 3464 2408 3529 Appian-

265 3578 427 3639 quam
466 3559 789 3621 consulatu
828 3559 1263 3619 contentionem
1307 3568 1471 3618 metu
1512 3556 1861 3637 defugeret!
1943 3558 2170 3640 Neque
2192 3531 2256 3581 D
2243 3547 2312 3584 ¹⁰
2359 3529 2495 3625 l’lut.

264 3656 453 3719 deerat
490 3658 818 3719 multorum
858 3655 1051 3727 favor,
1092 3656 1277 3737 ‘quid
1320 3657 1406 3719 ita
1438 3657 1768 3740 Pompeius
1808 3658 2170 3739 Crassusque

264 3754 479 3828 iterum,
518 3754 677 3838 quid
721 3774 841 3815 una
864 3754 1195 3836 peterent,’·
1218 3755 1593 3816 mirantium:
1638 3757 1970 3816 ‘.neminem
1995 3756 2172 3835 igitur

266 3864 535 3934 patarea
558 3854 814 3932 dignum
852 3872 925 3912 eo
966 3852 1311 3932 magistratu
1353 3853 1414 3913 in
1446 3853 1698 3913 civitate
1731 3872 1879 3923 esse,
1907 3854 2009 3933 qui
2035 3868 2178 3914 cum·

265 3950 531 4012 alterutro
555 3952 774 4011 horum
797 3947 1089 4009 declarari
1128 3950 1317 4030 possit
1332 3948 1378 4009 ’ξ’
1462 3948 1654 4028 Igitur
1680 3948 2017 4011 adversaria
2041 3948 2168 4009 fac-

262 4050 359 4119 tio,
390 4069 529 4110 cum
570 4048 811 4107 timeret
848 4044 1290 4106 inclinationem
1334 4045 1547 4127 plebis,
1584 4045 1663 4106 ad
1699 4048 1822 4107 vim
1861 4065 2167 4117 conversa,

266 4142 521 4207 Domitio
568 4154 715 4207 aute
760 4144 953 4203 lucem
994 4144 1057 4201 iu
1102 4142 1399 4224 Campum
1443 4144 1609 4204 eunti
1650 4145 1848 4225 posuit
1889 4142 2165 4203 insidias:

262 4259 509 4323 puerque
552 4240 889 4323 praelucens
926 4240 983 4299 ei
1028 4260 1165 4300 cum
1209 4238 1563 4320 quibusdam
1612 4240 1746 4301 aliis
1784 4240 2014 4301 occisus
2055 4248 2164 4301 est.

265 4336 588 4401 Retinebat
630 4348 829 4398 tamen
874 4336 1207 4395 Domitium
1252 4335 1432 4409 Cato,
1478 4338 1601 4418 ipse
1645 4356 1884 4418 quoque
1926 4336 2168 4397 vulnere

263 4436 317 4493 in
356 4438 637 4499 dextrum
684 4434 951 4496 cubitum
1002 4441 1251 4514 accepto
1304 4434 1557 4495 saucius.
1641 4432 1764 4495 Sed
1809 4453 1946 4495 cum
1991 4453 2167 4497 omne
2230 4513 2237 4521 .
