3300 5234
928 587 1139 638 mam
1188 589 1309 640 cr.
1352 573 2002 642 surranunnruu.
2399 573 2578 646 5056
2651 543 2670 559 ’

342 749 511 802 cum,
564 731 805 792 remissa
860 729 1103 793 domum
1145 741 1334 805 veste,
1386 731 1509 794 alia
1552 733 1994 814 postulantem·
2021 732 2250 794 Julian
2271 744 2577 812 PluaPomp.

220 885 232 890 -
346 825 633 909 Pompeii
676 829 989 907 conjugem
1033 837 1159 890 tum
1206 837 1607 912 proegnantem
1655 829 1742 891 ita
1788 831 2118 912 perterruit,
2161 839 2250 902 nt,

346 923 563 984 abortu
588 923 772 995 facto,
800 943 1039 1004 gravem
1074 926 1133 985 in
1177 928 1446 988 morbum
1486 926 1788 990 incideret.
1864 926 2067 987 Valde
2091 927 2250 988 enim

346 1022 597 1082 amabat
638 1023 853 1096 virum,
900 1021 1065 1103 isque
1110 1026 1166 1083 ei
1209 1024 1271 1084 in
1318 1045 1515 1086 amore
1556 1025 1972 1106 respondebat.
2068 1023 2252 1084 Unde
2277 1041 2410 1094 Plut.
2429 1042 2574 1095 cm.

344 1137 493 1179 mox
534 1117 833 1178 criminati
880 1127 1019 1180 sunt
1076 1120 1323 1192 inimici,
1366 1131 1386 1158 ‘
1422 1121 1788 1204 provinciam
1834 1121 2102 1182 obtinere
2149 1141 2254 1202 per
2277 1111 2544 1222 {itan-at.

348 1215 605 1294 legatos,
646 1215 837 1296 ipsum
882 1215 1083 1277 sedere
1122 1218 1200 1278 ad
1246 1217 1501 1291 Urbem,
1546 1227 1615 1278 ut
1657 1217 1922 1278 fomenta
1967 1219 2257 1297 praeberet
2279 1209 2398 1288 cn]

347 1313 763 1384 seditionibus,
828 1323 891 1374 et
942 1312 1125 1375 Juliae
1168 1335 1293 1376 suar
1342 1316 1576 1377 deliciis
1624 1315 1804 1377 homo
1847 1316 2089 1376 uxorius
2135 1315 2254 1374 fru-
2276 1301 2583 1432 {11:⁸³2ssaess

344 1409 590 1472 eretur!
2131 1467 2142 1478 ,

438 1512 537 1568 16.
582 1504 857 1567 Comitiis
874 1506 1341 1585 magistratuum,
1364 1508 1451 1568 uti
1475 1507 1792 1568 voluerant
1811 1507 2107 1578 consules,
2127 1527 2256 1588 per-

350 1603 549 1674 fectis,
578 1603 689 1683 ipsi
716 1602 935 1664 nullius
956 1604 1043 1664 rei
1068 1602 1455 1684 cupiditatem
1482 1605 1884 1688 praeferentes,
1914 1607 1972 1664 in
1997 1606 2258 1686 speciem

353 1700 761 1779 quiescebant.
843 1700 939 1760 At
962 1699 1040 1760 C.
1064 1699 1393 1760 Trebonius
1428 1701 1694 1762 tribunus
1735 1701 1924 1783 plebis
1953 1719 2128 1761 suum
2153 1721 2254 1760 no·
2282 1731 2398 1783 Dio·

354 1815 491 1856 men
520 1795 809 1879 rogationi
834 1796 1273 1867 commodabat,
1300 1817 1425 1877 qua
1458 1798 1797 1858 consulibus
1835 1798 2154 1878 provincia:
2193 1798 2256 1857 in
2283 1797 2392 1912 {ariv-
2419 1797 2552 1861 Epit.

354 1893 829 1973 quinquennium
877 1891 1059 1974 Syria
1108 1902 1174 1953 et
1219 1891 1523 1974 Hispania
1572 1896 1738 1970 (nam
1783 1903 1846 1956 et
1893 1893 2258 1975 Hispaniam
2283 1863 2587 1976 A‘ussss‘fffl

356 1988 721 2069 Aquitanici
746 1989 889 2050 belli
914 1989 1132 2050 vicinia
1154 1994 1581 2069 commoverat)
1621 1991 2110 2052 destinabantur:
2153 1989 2259 2050 ad-
2317 1943 2448 2041 lelttit·

344 2087 698 2164 jiciebatur,
726 2089 815 2147 uti
858 2088 1063 2168 copias
1100 2089 1319 2148 civium
1353 2089 1764 2168 sociorumque
1801 2089 2262 2159 conscriberent,
2287 2055 2534 2172 {2¹:¹23

356 2191 617 2264 quantas
648 2205 684 2242 e
720 2183 1027 2264 republica
1064 2193 1129 2244 et
1162 2183 1283 2244 fide
1322 2205 1430 2246 sua
1452 2185 1772 2246 ducerent:
1811 2185 1956 2246 belli
1997 2186 2178 2245 etiam
2203 2194 2266 2246 et
2289 2185 2406 2240 Dio.

360 2279 531 2361 pacis
574 2281 877 2340 arbitrium
916 2301 1055 2342 cum
1099 2280 1365 2343 finitimis
1420 2284 1658 2362 regibus
1705 2292 1890 2364 atque
1931 2284 2268 2344 nationibus

354 2398 547 2459 penes
568 2378 729 2458 ipsos
750 2387 924 2439 esset

364 2509 371 2518 ·
446 2479 547 2537 17.
592 2473 755 2536 Haec
790 2475 871 2536 ab
910 2473 1081 2534 initio
1122 2493 1241 2534 uon
1288 2472 1425 2532 aliis
1460 2473 1662 2544 modo,
1697 2473 1804 2534 sed
1843 2475 2024 2535 etiam
2061 2477 2270 2537 amicis

359 2565 627 2632 casaris
650 2591 857 2652 parum
884 2569 1223 2652 placebant,
1264 2570 1427 2650 quod
1458 2573 1593 2650 jam
1618 2569 1900 2652 pleraque
1943 2593 2078 2652 pars
2117 2581 2267 2632 tem-

358 2669 543 2749 poris,
570 2689 691 2748 quo
708 2670 1017 2750 imperium
1042 2668 1175 2747 ejus
1198 2667 1535 2738 finiebatur,
1560 2669 1900 2741 transierat,
1921 2689 2001 2728 ne
2019 2689 2058 2730 a
2078 2668 2263 2729 Pom·
2290 2681 2302 2693 ·

355 2767 503 2846 peio
528 2764 867 2847 Crassoque
903 2775 1131 2826 tantam
1168 2766 1491 2846 potentimn
1532 2765 1768 2846 adeptis
1805 2765 2264 2847 opprimeretur:

362 2861 559 2922 donec
602 2863 667 2922 hi
712 2883 871 2924 nova
909 2863 1209 2944 pactione,
1248 2859 1736 2942 de·prorogando
1763 2863 1988 2924 Caesari
2025 2863 2270 2943 imperio

360 2958 675 3021 ferendum
698 2969 1023 3031 curaturos,
1064 2959 1464 3020 astrinxerunt
1494 2956 1697 3020 fidem.
1781 2958 1885 3021 Ita
1911 2961 2268 3040 quiescenti-

364 3057 480 3116 bm
515 3055 893 3127 omousianis,
931 3056 1163 3136 reliquo
1204 3055 1427 3136 populo
1458 3056 1721 3117 obnoxio
1757 3067 1863 3117 aut
1894 3056 2270 3138 desperante,

364 3173 543 3216 nemo
582 3173 939 3236 magnopere
982 3153 1295 3214 Treboniae
1332 3153 1449 3232 legi
1490 3163 1700 3234 praeter
1747 3153 2042 3214 Catonem
2093 3162 2272 3234 atque
2297 3183 2430 3236 ph„-
2453 3185 2564 3238 cst.

368 3251 707 3312 Favonium
740 3252 1132 3333 repugnabat,
1158 3250 1391 3312 duobus
1428 3251 1676 3312 tribunis
1717 3252 1912 3334 plebis
1949 3250 2058 3310 hos
2097 3250 2270 3330 adju·
2296 3249 2410 3302 Dio·

368 3351 669 3412 vantibus.

454 3453 555 3508 18.
600 3445 723 3506 Sed
750 3443 1032 3505 adversus
1057 3453 1351 3504 tantarum
1382 3443 1704 3506 factionum
1743 3463 1890 3524 opes
1928 3463 2136 3525 parum
2177 3463 2273 3504 ro-
2367 3425 2374 3438 ⁸

366 3545 531 3606 boris
555 3545 619 3604 in
642 3551 765 3603 tam
790 3542 997 3622 paucis
1020 3550 1185 3603 erat:
1229 3541 1539 3624 legemque
1562 3541 1904 3604 dissuadere
1939 3540 2276 3605 volentibus

366 3661 448 3702 ne
474 3649 707 3722 tempus
722 3638 965 3720 quidem
991 3637 1266 3699 idoneum
1282 3659 1621 3702 concessum
1637 3648 1748 3701 est.
1793 3639 2054 3700 Unicam
2068 3639 2276 3700 horam

371 3741 649 3804 Favonio
673 3738 922 3800 dederat
960 3739 1313 3812 Trebonius,
1344 3741 1450 3801 vix
1488 3737 1567 3800 ad
1612 3738 1980 3819 querendum
2018 3736 2094 3798 de
2127 3747 2276 3798 tem·

372 3840 535 3922 poris
560 3837 835 3917 angustia
858 3833 1155 3897 sufficiens
1180 3838 1459 3917 spatium.
1547 3834 1720 3896 Duas
1747 3835 1906 3895 Cato
1927 3855 2064 3895 cum
2101 3853 2276 3894 acce-

370 3936 579 4018 pimet‚
636 3935 859 3996 frustra
912 3933 991 3994 de
1042 3934 1277 4012 negotio
1322 3933 1621 3996 dicturum
1667 3932 2026 4011 intelligens,
2087 3931 2276 3991 multa

370 4030 673 4093 monendo
699 4029 1195 4113 praedicendoque
1228 4039 1461 4112 tempus
1492 4031 1836 4090 eximebat:
1877 4027 2070 4093 donec
2097 4029 2276 4088 inter·

372 4128 655 4210 peilatus,
682 4136 765 4197 et,
790 4129 933 4206 quia
959 4125 1145 4186 nihilo
1170 4127 1365 4186 secius
1389 4127 1676 4207 pergebat
1705 4125 1926 4196 dicere,
1963 4123 2042 4185 de
2076 4125 2280 4184 rostris

370 4225 677 4288 detractus
698 4234 808 4286 est.
868 4225 1025 4286 Cum
1050 4225 1343 4284 sic¹etiam
1362 4245 1442 4285 ex
1470 4224 1745 4284 inferiore
1773 4223 1906 4286 loco
1929 4221 2278 4283 vociferanti
2334 4227 2468 4295 Phit.
2487 4254 2539 4294 02

378 4307 637 4406 populus
661 4324 1045 4392 auscultaret,
1081 4323 1291 4382 iterum
1330 4323 1538 4382 rubeus
1578 4343 1615 4382 a
1653 4322 1890 4381 tribuno
1919 4321 2114 4382 viator
2151 4317 2280 4379 foro
2303 4309 2418 4362 ¹3²⁰·

368 4443 523 4484 aeum
546 4421 778 4482 eduxit.
865 4419 1005 4481 Nec
1042 4420 1269 4500 quievit
1316 4420 1417 4481 ille
1444 4420 1756 4501 quominus
1785 4420 1990 4480 statim
2026 4425 2280 4479 reverte·
