3300 5234
804 519 1014 570 mum
1065 520 1196 569 CX.
1241 522 1897 573 SUPPLBMBN'PUM.

241 666 504 746 liquum,
529 682 710 745 quam
733 672 804 725 ut
827 663 926 725 vel
955 662 1216 725 Ilerdam
1257 674 1705 737 reverterentur,
1730 664 1828 726 vel
1864 665 2151 727 Tarraco-

241 784 384 825 nem
409 772 742 845 pergerent.
821 762 1088 823 Terraco
1128 764 1358 843 longius
1383 764 1623 833 aberatz
1668 774 1731 823 et
1759 762 1977 825 llerdae
2004 784 2151 827 non·

243 860 394 921 nibil
421 860 702 921 frumenti
729 870 862 919 erat
883 858 1178 921 relictum.
1249 858 1444 939 Igitur
1469 862 1583 923 hoc
1608 863 1860 941 probato
1880 862 2149 934 consilio,

243 956 676 1039 profectionem
703 956 1034 1017 instituunt.
1102 954 1309 1017 Caesar
1331 975 1472 1017 cum
1495 956 1827 1037 legionibus
1850 960 2149 1039 sequitur:

243 1056 518 1135 equitatu
543 1055 738 1135 carpit
763 1055 1124 1115 novissimos.
1207 1053 1318 1114 Ad
1356 1055 1516 1115 hunc
1553 1054 1957 1137 repellendum
1992 1076 2151 1137 saepe

241 1172 304 1213 se
329 1162 690 1213 convertunt
711 1152 924 1213 hostes.
1009 1150 1112 1212 Ita
1133 1150 1310 1212 simul
1335 1152 1650 1223 inceditur,
1692 1152 1865 1213 simul
1898 1153 2025 1215 sine
2062 1156 2151 1213 in-

241 1250 614 1311 termissione
639 1258 952 1330 pugnatur.

321 1353 426 1409 30.
469 1346 633 1407 Cum
671 1366 825 1426 oegre
860 1346 942 1407 nd
977 1346 1170 1407 millia
1202 1356 1457 1428 quatuor
1489 1366 1600 1407 con
1608 1346 1779 1408 fectae
1818 1347 1933 1408 viae
1973 1354 2145 1417 emet,

2302 504 2480 573 5181

243 1454 507 1505 irionem
549 1444 856 1505 excelsum
897 1444 1170 1527 capiunt,
1213 1454 1280 1505 et
1322 1464 1361 1504 a
1403 1444 1596 1505 fionte
1639 1446 1931 1516 muniunt,
1972 1447 2149 1527 qnasi
2205 1454 2419 1509 Frontis.

240 1552 441 1603 castra
461 1550 842 1603 metarentur.
925 1541 1050 1601 Sed
1077 1550 1322 1602 onerata
1344 1542 1622 1621 jumenta
1647 1543 2047 1603 retinuerant:
2088 1552 2153 1603 et
2176 1538 2235 1571 ¹¹·
2263 1528 2343 1575 ¹³·

242 1648 560 1719 postquam
587 1637 887 1700 Coesaoem
923 1647 1122 1701 castra
1147 1639 1432 1719 posuisse,
1457 1646 1522 1699 et
1546 1638 1777 1720 equites
1800 1641 2153 1721 pabulatum

237 1735 530 1795 dimisisse
553 1736 886 1807 sensissent,
911 1736 1022 1795 sub
1051 1734 1356 1796 meridiem
1381 1736 1582 1795 subito
1605 1718 2031 1797 discesserunt:
2063 1747 2151 1810 ut,

240 1832 585 1911 priusquam
634 1852 914 1893 revocare
969 1830 1176 1892 Cesar
1224 1832 1456 1911 equites
1507 1840 1725 1911 posset,
1778 1832 2151 1913 aliquantum

241 1928 472 1989 itineris
491 1927 900 1990 conficeretur.
985 1927 1054 1990 Is
1091 1948 1332 2009 quoque
1373 1948 1568 1989 vanus
1607 1930 1697 1989 eis
1734 1938 1983 1990 conatus
2014 1930 2149 1993 fuit.

241 2023 450 2087 caesar
483 2026 686 2087 statim
715 2046 858 2087 cum
895 2024 1228 2105 legionibus
1261 2026 1634 2097 subsecutus,
1662 2034 1724 2085 et
1760 2035 1895 2107 post
1926 2046 2153 2108 paucas

237 2122 418 2183 bores
453 2124 752 2201 equitatus
790 2122 1224 2203 superveniens,
1257 2132 1476 2193 castra,
1503 2123 1607 2182 ubi
1648 2124 1887 2183 minime
1928 2124 2149 2186 voluis-

235 2228 396 2290 sent,
419 2220 632 2279 metari
655 2220 872 2298 coegit.
941 2217 1228 2279 Substitit
1249 2220 1432 2278 etiam
1457 2219 1518 2277 in
1547 2220 1875 2299 propinquo
1902 2219 2108 2281 Caesas
2132 2242 2147 2281 ε

234 2315 344 2377 sed
369 2316 759 2377 tabernacula
798 2317 942 2397 poni
969 2336 1086 2378 non
1111 2326 1206 2377 est
1229 2334 1456 2397 panus,
1481 2336 1602 2396 quo
1628 2326 1869 2397 paratus
1890 2329 2045 2381 esset
2070 2320 2151 2379 ad

233 2412 718 2493 insequendum,-
746 2411 1242 2494 quandocumque
1295 2414 1632 2474 movissent.
1732 2413 1902 2475 Nam
1940 2417 2147 2497 prdio

235 2510 536 2571 abstinere
583 2510 982 2591 superioribus
1029 2508 1106 2569 de
1145 2510 1342 2571 causis
1379 2508 1741 2570 decreverat.
1826 2510 2149 2573 Afraniani

233 2616 367 2669 tota
409 2614 583 2668 nocte
623 2616 824 2668 castra
857 2606 1184 2687 proferunt,
1219 2604 1677 2667 commodiorem
1708 2618 2015 2687 captantes
2056 2608 2145 2670 lo-

231 2724 397 2765 cum.
485 2702 610 2765 Sed
635 2724 756 2784 quo
781 2704 918 2785 plus
951 2703 1352 2784 procedebant
1387 2722 1592 2783 opera,
1619 2702 1853 2782 longius
1876 2706 1957 2765 ab
1982 2724 2145 2786 aqua

231 2800 689 2871 discedebatur3
733 2820 926 2881 eoque
946 2820 1040 2861 res
1061 2798 1324 2865 deducta
1347 2810 1500 2871 erat,
1525 2808 1592 2860 ut
1619 2801 1815 2881 priora
1837 2801 2001 2862 mala·
2024 2822 2143 2864 non

235 2900 348 2959 nisi
375 2898 510 2959 aliis
545 2898 719 2959 malis
751 2898 960 2976 corrigi
993 2905 1248 2978 possent.
1333 2896 1431 2956 Ea
1457 2906 1631 2958 nocte
1658 2909 1939 2977 aquatum
1966 2919 2145 2961 nemo

233 2996 538 3077 profectus
560 3006 670 3057 est.
753 2995 1010 3057 Postero
1033 2992 1156 3066 die,
1183 3004 1394 3074 praeter
1429 3003 1753 3055 castrorum
1782 2995 2141 3076 proesidium,

233 3096 542 3157 universus
589 3092 890 3154 exercitus
930 3090 1008 3153 ad
1053 3109 1272 3172 aquam
1325 3090 1634 3151 educitur:
1695 3092 2043 3172 pabulatum
2096 3097 2146 3156 it

233 3211 430 3253 nemo.

315 3295 422 3349 31.
461 3286 616 3349 Tum
640 3288 866 3359 emar,
893 3296 962 3349 ut
985 3286 1077 3347 his
1099 3284 1484 3347 incommodis
1501 3298 1755 3347 vexatos
1778 3286 1859 3348 ad
1885 3288 2143 3349 deditio-

235 3406 374 3447 nem
405 3387 532 3447 sine
571 3404 772 3469 pugna
799 3394 1062 3463 cogeret,
1087 3384 1184 3445 val
1193 3384 1314 3445 lum
1344 3383 1679 3464 fossamque
1702 3385 2143 3447 circumducere

233 3484 438 3565 coepit,
475 3504 550 3545 ne
585 3504 708 3563 qua
743 3490 982 3565 possent
1015 3500 1338 3563 erumpere.
1422 3481 1518 3542 At
1551 3482 1673 3543 illis
1712 3485 1901 3544 omnis
1940 3486 2001 3544 in
2028 3484 2145 3546 boc

235 3601 356 3641 uno
395 3602 532 3663 spes
562 3590 692 3643 erat
725 3580 976 3661 reliqua.
1055 3578 1318 3651 Idcirco,
1343 3588 1408 3639 et
1441 3580 1641 3661 inopia
1676 3581 1908 3663 pabuli,
1934 3590 1997 3642 et
2022 3602 2143 3663 quo

233 3678 632 3763 expeditiores
654 3686 871 3749 essent,
897 3678 1170 3738 omnibus
1199 3678 1537 3739 sarcinariis
1549 3680 1843 3757 jumentis
1869 3680 2143 3741 interfec-

232 3779 332 3851 tis,
370 3778 548 3837 tertia
579 3775 678 3837 die
713 3796 896 3857 quam
929 3774 1364 3836 circumvallari
1401 3785 1725 3858 coeperant,
1764 3778 2000 3840 circiter
2035 3778 2140 3837 bo-

233 3894 362 3935 ram
387 3884 684 3947 octavam,
711 3875 904 3936 aciem
929 3894 1037 3955 pro
1061 3874 1273 3935 castris
1296 3873 1743 3935 constituerunt.
1829 3873 2063 3933 Eduxit
2080 3882 2143 3934 et

233 3971 444 4035 cesar
465 3992 624 4044 suos,
657 3972 764 4033 sed
793 3973 880 4032 ita
905 3979 1150 4053 paratus
1173 3970 1604 4050 animatusque,
1631 3978 1700 4031 ut
1722 3970 2141 4031 lacessentibus

227 4077 628 4151 repugnarem
657 4068 827 4147 signa
853 4086 970 4129 non
993 4065 1232 4127 inferret
1256 4068 1434 4147 prior.
1483 4066 1719 4127 Praeter
1744 4066 2019 4147 pristinas
2042 4087 2140 4127 ra·-

2176 1587 2339 1642 ces.-

229 4170 424 4230 tlones
447 4167 706 4229 alienum
739 4165 1112 4227 dimicationi
1137 4174 1369 4247 tempus
1393 4164 1817 4237 arbitrabatur,
1844 4162 2005 4244 quod
2032 4164 2141 4225 ad·
2195 4181 2411 4234 frantia.

233 4265 522 4327 versarios
545 4266 632 4325 ira
645 4274 710 4325 et
725 4264 1040 4325 necessitas
1053 4263 1444 4325 stimulabant
1465 4283 1481 4323 :
1510 4283 1644 4343 quae
1664 4284 1758 4323 res
1772 4262 1953 4323 etiam
1970 4262 2137 4341 ignc-
2164 4262 2226 4298 ¹¹·
2253 4252 2275 4295 ¹
2286 4283 2299 4297 ·

232 4366 322 4426 vis
345 4364 607 4429 animum
633 4364 904 4444 viresque
928 4360 1126 4425 facere
1159 4370 1606 4427 consueverunt.
1676 4358 2033 4423 Accedebat
2058 4359 2133 4427 ad
2162 4377 2286 4429 Caes.
