3300 5234
848 608 1057 660 mnar
1108 609 1297 659 cxii.
1344 609 1991 664 surrsnmsnruu.
2359 595 2536 666 5255

293 753 535 835 scaphis
560 754 621 814 in
647 753 917 816 excelsas
943 775 1147 830 naves,
1174 765 1237 816 et
1268 757 1326 818 in
1353 757 1465 817 ista
1502 757 1892 839 trepidatione
1917 767 1982 820 et
2015 765 2200 822 metu.

294 848 493 928 Igitur
529 853 703 934 pauci
728 862 792 912 et
814 863 1215 934 properantes,
1239 854 1404 936 pleni
1432 854 1678 926 timoris,
1702 856 1864 937 pleni
1889 854 2197 926 tumultus,

288 946 497 1028 iniquo
522 957 585 1010 et
608 958 870 1030 ternpore
888 965 911 1001 ³
958 959 1023 1010 et
1059 949 1213 1022 loco,
1243 960 1349 1012 ant
1371 951 1741 1034 diligentiam
1770 962 1952 1033 atque
1975 952 2198 1041 veloci-

286 1049 477 1108 ta‘tem
506 1046 1057 1108 Alexandrinorum
1084 1049 1476 1128 effugiemus?
1560 1049 1698 1110 Aut
1721 1050 2000 1110 adversus
2023 1069 2197 1132 para-

284 1149 381 1201 tos
404 1151 469 1203 et
492 1142 738 1204 infinitis
764 1145 1033 1225 partibus
1058 1144 1255 1225 plures
1278 1165 1385 1206 nos
1408 1145 1702 1206 tuebimur
1727 1167 1904 1206 manu
1927 1147 1952 1206 7

364 1245 469 1300 66.
516 1249 534 1276 ·
559 1240 747 1301 Absit
768 1259 909 1302 vero
938 1241 1067 1301 baec
1102 1243 1180 1302 ab
1215 1243 1425 1304 animis
1458 1243 1668 1303 vestris
1703 1251 1828 1304 tam
1868 1242 2196 1324 perniciosa

281 1337 595 1414 cogitatio,
624 1336 875 1396 milites:
906 1344 968 1397 et
994 1357 1171 1396 unum
1197 1339 1469 1398 omnibus
1492 1339 1858 1419 propositum
1881 1359 2007 1400 esse
2033 1339 2193 1400 salu-

278 1432 359 1491 tis
382 1433 500 1494 iter
522 1453 727 1493 omnes
746 1433 961 1505 norint,
986 1433 1315 1494 victoriam.
1398 1434 1609 1515 Atque
1644 1435 1754 1494 illa
1779 1434 2067 1518 profecto,
2095 1455 2194 1496 me

277 1527 459 1600 duce,
486 1529 654 1590 vobis
677 1529 987 1600 militibus,
1013 1529 1245 1608 longius
1269 1531 1472 1590 abesse
1498 1551 1615 1591 non
1640 1539 1860 1612 potest,
1881 1551 2060 1612 qnam
2080 1532 2192 1593 do-

276 1645 393 1686 nec
418 1625 556 1686 aliis
580 1645 659 1686 ex
692 1627 1013 1707 provinciis
1050 1629 1259 1688 sccitae
1288 1627 1481 1709 copiae
1526 1628 1685 1706 (misi
1715 1636 1914 1689 antem
1939 1629 2192 1690 circum-

274 1725 550 1803 quaque)
574 1725 835 1784 veniant.
918 1723 1169 1786 Interim
1208 1723 1356 1785 locis
1388 1727 1600 1786 nostris
1632 1745 1742 1786 nos
1775 1733 2101 1798 teneamus,
2127 1733 2193 1786 et

274 1822 522 1893 virtute,
570 1821 1065 1901 quemadmodum
1105 1822 1411 1894 hactenus,
1460 1823 1870 1904 propulsemus
1917 1821 2186 1884 hostilem

274 1917 587 1999 impetum.
672 1917 903 1999 Fugere
937 1939 1077 1980 vero
1110 1920 1301 1980 minas
1333 1918 1738 1980 Alexandrini
1773 1918 1978 2000 populi
2008 1929 2071 1980 et
2095 1920 2186 1980 la-

270 2021 511 2074 tronum
553 2033 739 2086 arma,
776 2035 897 2076 non
924 2015 1067 2076 mihi
1106 2015 1285 2076 modo
1314 2014 1587 2096 qualibet
1608 2025 1796 2076 morte
1823 2015 1902 2076 sit
1925 2018 2184 2094 gravius,

267 2110 375 2170 sed
404 2111 575 2171 vobis
600 2111 783 2172 etiam
821 2131 946 2172 oese
981 2112 1244 2183 deberet,
1291 2113 1393 2193 qni
1428 2121 1491 2172 et
1528 2109 1798 2173 Romani
1838 2112 2001 2183 estis,
2033 2133 2186 2192 quos

265 2208 529 2268 victores
568 2211 827 2270 omnium
863 2211 1123 2289 gentium
1160 2211 1463 2291 superiora
1500 2210 1970 2272 demonstrarunt
1993 2209 2178 2282 bella,

264 2315 331 2366 et
356 2307 471 2367 mei
494 2306 734 2379 milites,
759 2327 909 2388 quos
926 2308 1079 2367 inter
1103 2307 1260 2388 ipsos
1285 2307 1599 2368 Romanos
1614 2309 1834 2368 virtute
1855 2302 2176 2385 excellere,

262 2423 473 2464 recens
508 2405 761 2464 victoria
797 2413 995 2466 nostra
1020 2403 1368 2466 declaravit.
1452 2401 1702 2464 Interim
1721 2389 1971 2485 ⁵reliquis
1995 2404 2173 2464 inter-

262 2501 457 2561 missis
478 2501 779 2581 operibus,
805 2500 884 2560 ad
912 2509 1119 2582 puteos
1138 2499 1449 2560 fodiendos
1471 2499 1736 2574 laborem
1755 2499 2173 2562 conferamus?

261 2598 371 2658 Ita
394 2595 761 2658 confirmatis
796 2597 1105 2668 militibus,
1132 2606 1196 2656 et
1236 2596 1313 2657 ad
1340 2596 1683 2672 fodiendum
1708 2597 2025 2669 conversis,
2051 2594 2176 2658 u'na

260 2705 443 2756 nocte
464 2693 661 2754 dulcis
683 2714 859 2775 aquae
879 2713 1048 2755 venae
1073 2693 1327 2773 copiosae
1344 2702 1482 2754 sunt
1498 2694 1752 2754 inventae
1773 2715 1789 2754 ε
1817 2692 2170 2774 modicoque

257 2791 467 2853 labore
493 2793 915 2874 operosissimis
951 2790 1501 2852 Alexandrinorum
1534 2791 1936 2852 molitionibus
1961 2811 2167 2852 occur-

256 2911 393 2951 sum
420 2897 531 2950 est.

340 2993 446 3051 67.
490 2986 668 3049 Forte
694 2989 807 3048 sub
843 2987 1001 3048 idem
1039 2995 1279 3074 tempus
1310 2986 1516 3048 Caesar
1538 2985 1612 3048 fit
1634 2987 1872 3058 certior,
1899 2987 1978 3048 ad
2003 2986 2170 3048 littus

258 3083 519 3156 Africae,
538 3084 717 3165 paulo
735 3083 1389 3165 supraAleiandrism,
1404 3083 1483 3144 ad
1506 3083 1792 3144 anchoras
1811 3091 1968 3144 stare
1987 3102 2172 3144 naves

254 3179 555 3261 legionem
592 3181 875 3242 vehentes
912 3183 1223 3263 septimam
1268 3191 1331 3240 et
1370 3180 1726 3242 tricesimam
1766 3201 1844 3240 ex
1883 3180 2170 3242 dedititiis

256 3277 655 3358 Pompeianis
692 3277 996 3338 militibus.
1082 3277 1274 3349 Nam,
1318 3279 1559 3356 cognito
1592 3276 1848 3338 Caesaris
1879 3277 2164 3358 periculo,
2189 3307 2288 3360 1³5,
2306 3314 2455 3364 ,ὥτ’

256 3375 566 3436 Domitius
592 3374 901 3448 Calvinus,
926 3375 1023 3436 cui
1050 3375 1207 3435 Asia
1232 3395 1369 3435 cum
1395 3373 1659 3435 finitimis
1673 3375 1989 3455 provinciis
2002 3395 2164 3436 com·
2188 3375 2320 3428 Birt.

252 3473 435 3533 missa
483 3480 635 3544 erat,
668 3472 960 3552 legionem
996 3492 1173 3533 unam
1208 3473 1467 3532 terrestri
1504 3473 1714 3533 itinere
1753 3491 1862 3552 per
1903 3471 2162 3553 Syriam,

252 3569 507 3630 alteram
532 3589 669 3631 cum
686 3569 981 3630 frumento
1006 3571 1302 3651 armisque
1328 3578 1391 3630 et
1414 3571 1745 3642 tormentis,
1772 3570 2024 3631 navibus
2049 3570 2162 3630 mi-

250 3676 429 3729 serat.
512 3665 637 3727 Sed
688 3668 853 3749 prius
897 3667 1235 3728 confectum
1272 3676 1365 3728 est
1408 3667 1656 3739 bellurn,
1700 3686 1879 3747 quam
1917 3687 1992 3728 ea
2025 3687 2160 3748 quae

251 3783 355 3846 per
408 3763 652 3846 Syriam
698 3766 1031 3826 ducebatur
1080 3764 1239 3844 legio
1288 3773 1491 3846 posset
1549 3784 1854 3826 occurrere
1892 3785 1908 3825 ε
1957 3784 2160 3838 naves,

254 3861 419 3922 Euro
433 3863 806 3924 continenter
814 3861 1018 3934 flante,
1036 3863 1343 3944 pervenire
1353 3861 1795 3923 Alexandriam
1815 3863 2158 3943 nequibant.

326 3967 435 4022 66.
477 3959 676 4040 Igitur
718 3960 947 4032 Caesar,
989 3968 1057 4020 ut
1097 3961 1159 4020 in
1194 3980 1256 4020 re
1289 3960 1563 4041 praesenti
1597 3961 1813 4020 certius
1847 3958 2162 4021 consilium

249 4066 513 4140 caperet,
540 4045 675 4118 cum
699 4058 861 4117 omni
888 4057 1079 4118 classe
1102 4077 1175 4118 eo
1200 4055 1611 4138 proficiscitur.
1684 4055 1868 4122 Quod
1889 4055 1994 4118 ubi
2017 4075 2158 4135 cog-

248 4153 435 4214 nitum
471 4163 565 4214 est
607 4153 1023 4225 Alexandriae,
1064 4173 1257 4234 neque
1299 4152 1490 4213 ullum
1522 4151 1866 4212 Romanum
1905 4150 2156 4212 militem

249 4271 371 4312 esse
406 4253 467 4312 in
495 4251 769 4322 navibus,
798 4249 1044 4332 (quippe
1072 4249 1252 4331 paulo
1276 4247 1507 4330 longius
1530 4267 1901 4330 processurus
1927 4246 2154 4319 Caesar,

750 4452 801 4535 8
836 4447 977 4503 Add.
998 4445 1171 4500 κοπετοί
1182 4449 1303 4503 edd.
1325 4457 1450 4502 ante
1474 4449 1631 4503 Crev-
