3300 5234
980 594 1190 645 unm
1244 595 1471 646 cxix.
1513 593 2167 650 sunrnnunu‘ruu.
2516 577 2693 648 ⁵487

455 738 528 800 1..
553 737 852 810 Plancus,
873 745 1038 800 tutus
1059 736 1320 819 denique
1343 745 1587 800 senatus
1607 737 1859 800 censuit.
1940 735 2213 818 Eamque
2236 738 2367 820 opi·
2422 747 2531 802 cie.
2565 750 2629 801 ad

453 837 686 898 nionem
712 845 776 896 et
799 855 934 916 quie
958 844 1378 916 praecesserunt
1411 835 1633 907 omnia,
1678 843 1743 897 et
1781 853 1917 915 quoe
1958 844 2165 896 secuta
2204 843 2365 908 sunt,
2384 811 2694 932 {32¹8}ss

461 933 938 994 corroborarunt.
2391 947 2475 995 18.
2518 953 2571 994 et
2624 946 2693 996 sd

532 1037 632 1090 ⁶1.
675 1028 772 1090 At
798 1029 1155 1100 Laterensis,
1181 1049 1320 1090 cum
1355 1037 1418 1089 et
1453 1027 1749 1110 Lepidum
1788 1027 2003 1089 frustra
2026 1030 2369 1102 monuisset,
2390 1007 2693 1128 ῗῗξξίἓῗ·

451 1136 517 1188 ct
539 1125 868 1199 Plancum,
895 1147 1046 1208 quos
1083 1129 1236 1188 inter
1275 1146 1340 1186 se
1379 1125 1683 1187 discordes
1720 1126 2103 1188 reconciliare
2128 1127 2368 1209 reipub·
2448 1137 2557 1189 cie.
2572 1139 2639 1189 ad

451 1223 586 1286 licre
607 1245 792 1286 causa
813 1225 1099 1286 acerrime
1135 1225 1296 1285 nisus
1337 1223 1558 1295 fuerat,
1595 1224 1707 1284 sub
1750 1226 2070 1305 ingressum
2111 1224 2369 1286 Antonii
2389 1201 2692 1320 {xi-¹³¹·

451 1321 657 1401 gladio
679 1343 744 1384 se
771 1321 1090 1383 transfixit.
1176 1322 1280 1382 Ob
1303 1321 1434 1384 boec
1459 1329 1719 1384 stanam
1744 1323 1801 1384 ei
1818 1323 2085 1416 decrevit
2104 1331 2366 1394 senatus,
2389 1333 2523 1383 Veli.
2544 1333 2665 1414 Dio.

450 1421 972 1503 laudationemque
997 1431 1061 1482 et
1086 1421 1391 1503 publicum
1415 1422 1630 1484 funus:
1674 1433 1741 1484 at
1762 1443 1897 1503 quae
1922 1424 2115 1505 posita
2138 1421 2369 1504 Lepido
2446 1427 2555 1482 cic.
2578 1433 2641 1481 sd

451 1539 558 1600 pro
601 1521 802 1579 rostris
839 1516 1058 1589 fuerat,
1104 1518 1390 1579 subversa
1427 1529 1557 1588 est;
1601 1521 1772 1600 isque
1809 1521 1997 1581 hostis
2032 1519 2363 1599 judicatus,
2389 1493 2531 1610 ΒΨ·
2548 1512 2589 1547 ¹·
2606 1501 2689 1550 ¹⁶·

446 1634 584 1676 eum
608 1613 826 1676 ceteris
859 1616 964 1695 qui
1001 1615 1174 1675 simul
1217 1635 1256 1676 a
1293 1615 1608 1696 republica
1645 1615 2013 1689 defecerant,
2041 1625 2059 1652 ⁶
2090 1616 2201 1677 nisi
2228 1625 2366 1678 ante
2387 1623 2501 1702 Lim·
2518 1625 2655 1691 Epit.

451 1711 768 1780 Kalendas
793 1711 1178 1794 Septembres
1202 1712 1282 1773 ad
1304 1713 1620 1774 sanitatem
1645 1713 1975 1776 redissent.'
2392 1687 2549 1805 5⁸2⁰·
2572 1693 2685 1808 ζῆτ’

527 1815 628 1869 52.
675 1807 839 1888 Saga
883 1829 1121 1890 quoque
1164 1818 1444 1880 resumta,
1487 1808 1803 1891 crebrique
1844 1811 1925 1872 ad
1952 1810 2046 1872 M.
2076 1811 2359 1884 Brutum,
2392 1822 2471 1870 1⁰.
2510 1818 2635 1872 Dio.

449 1906 526 1967 C.
549 1906 858 1978 (Ἰωσὴφ,
887 1906 1262 1987 Sextumque
1287 1907 1653 1989 Pompeium
1678 1909 1871 1970 nuntii
1898 1910 2085 1981 missi,
2112 1919 2131 1948 ⁴
2160 1922 2229 1974 ut
2246 1913 2361 1972 rei-

441 2004 702 2086 publice
737 2005 1160 2066 subvenirent?
1243 2003 1450 2067 Etiam
1487 2005 1612 2066 duo
1656 2016 1977 2079 senatores,
2006 2006 2261 2070 Luceius
2300 2017 2367 2074 et
2417 1999 2635 2067 Appia.

443 2097 678 2172 Pausa,
703 2109 990 2181 tauquam
1031 2099 1110 2161 ad
1137 2101 1448 2165 visendum
1475 2100 1735 2164 Graeciae
1770 2111 1994 2164 statum
2033 2105 2217 2177 missi,
2257 2108 2363 2186 qui
2440 2097 2548 2150 0¹⁰·
2571 2097 2638 2147 ’ἃ

442 2215 758 2280 properare
787 2196 1042 2259 Brutum
1053 2199 1358 2278 juberent.
1446 2197 1504 2258 F.
1525 2197 1809 2262 Sardinia
1832 2221 2071 2282 quoque
2092 2212 2363 2264 evocata
2384 2159 2521 2278 ἔξω
2545 2178 2622 2213 ¹¹⁰

442 2295 658 2376 eopioe,
710 2305 775 2356 et
823 2315 858 2356 e
911 2295 1101 2378 tribus
1151 2293 1459 2356 Sextianis
1493 2295 1853 2376 legionibus,
1894 2317 2035 2378 quae
2078 2308 2249 2360 eraut
2300 2301 2363 2372 in
2383 2291 2599 2360 Appiam.

444 2387 679 2463 Affiea,
704 2411 886 2452 unam
907 2392 1176 2473 accipere
1185 2395 1392 2472 jussus
1407 2393 1492 2461 Q.
1512 2392 1872 2456 Cornificius
1894 2415 1911 2464 ς
1956 2395 2109 2456 duas
2128 2398 2363 2461 mittere

443 2491 504 2550 in
534 2487 820 2551 Italiam:
863 2505 1208 2568 quanquam
1251 2509 1326 2550 ne
1363 2489 1460 2550 his
1492 2489 1738 2571 quidem
1776 2493 1922 2552 satis
1950 2490 2358 2568 confidebant,

442 2585 602 2666 quod
629 2595 694 2646 et
717 2586 862 2667 ipse
900 2586 1012 2646 sub
1055 2584 1294 2647 Caesare
1327 2585 1713 2648 militassent.
1798 2585 1922 2650 Sed
1948 2590 2149 2650 omnia
2172 2610 2357 2672 expe·

441 2683 540 2742 riri
585 2683 848 2762 cogebat
886 2684 1226 2744 necessitas.
1309 2682 1630 2750 Postremo
1672 2705 1811 2746 cum
1846 2685 2023 2766 longe
2051 2687 2185 2748 haee
2226 2709 2361 2770 spes
2435 2689 2535 2767 Dip
2560 2699 2613 2739 et

439 2779 646 2840 abesse
689 2779 1012 2851 videretur,
1059 2780 1138 2841 ad
1175 2780 1478 2842 Caesarem
1515 2801 1819 2842 recursum
1861 2793 1975 2853 est,
2023 2784 2357 2862 neglectum
2381 2752 2501 2820 App
2502 2769 2601 2804 ²⁸⁰⁰

438 2885 920 2958 contentumque
957 2878 1141 2959 paulo
1186 2879 1370 2960 prius,
1394 2888 1462 2940 >et
1494 2890 1773 2940 coactum
1812 2879 1889 2940 ad
1921 2897 2100 2950 nova,
2124 2880 2231 2940 scd
2266 2881 2355 2941 iu·-
2382 2881 2501 2932 Dio.

437 2975 680 3054 cognita
731 2976 930 3037 adhuc
982 2977 1250 3058 patribus
1308 2977 1577 3038 consilia.
1660 2976 2021 3060 Triumphus
2060 2978 2242 3039 etiam
2283 2999 2357 3040 ac
2439 2980 2548 3033 cic.
2572 2982 2637 3031 ad

435 3071 795 3153 stipendium
821 3074 878 3132 ei
903 3071 1260 3144 decernitur,
1285 3083 1349 3134 et
1372 3075 1646 3136 omnibus
1670 3073 1927 3136 decretis
1950 3083 2213 3136 ornatur.
2381 3045 2524 3097 Brut.
2540 3065 2579 3099 ¹·
2603 3051 2683 3099 ¹⁷⁰

519 3175 620 3231 53.
667 3169 908 3232 Idcirco
935 3169 1110 3230 laetus
1128 3169 1282 3232 hanc
1297 3171 1414 3231 sibi
1439 3169 1518 3232 ad
1539 3173 1850 3254 obseptum
1876 3182 2055 3234 antea
2076 3175 2353 3238 cousula-
2380 3186 2497 3240 Dio.

407 3275 564 3328 -tum
605 3267 766 3328 viam
817 3268 1056 3348 aperiri,
1109 3266 1416 3328 simulavit
1457 3269 1829 3350 obsequium,
1878 3271 2231 3353 paravitque
2272 3271 2355 3334 ad

435 3363 664 3426 bellum
710 3365 929 3427 omnia.
1015 3364 1139 3427 Sed
1177 3365 1406 3427 interim
1439 3365 1783 3428 clanculum
1830 3366 2069 3430 induxit
2110 3368 2353 3442 milites,

435 3469 505 3522 ut
521 3463 798 3540 jurarent
823 3471 840 3498 ⁶
869 3470 1079 3522 contra
1117 3462 1346 3526 nullum
1371 3483 1436 3524 se
1461 3466 1815 3537 exercitum,
1842 3465 1949 3546 qui
1971 3464 2231 3528 Caesaris
2254 3467 2351 3530 fu·

433 3557 596 3630 ioeet,
625 3578 792 3619 arma
815 3560 1136 3640 capturos-⁹
1175 3558 1326 3622 Hoc
1350 3571 1554 3642 aperte
1571 3545 1886 3643 spectabat
1910 3561 1989 3624 ad
2015 3562 2351 3626 Antonium

433 3663 497 3714 et
521 3654 840 3736 Lepidum,
867 3675 1122 3737 quorum
1147 3657 1339 3738 copiae
1363 3658 1650 3736 majorem
1676 3669 1908 3738 partem
1932 3660 2293 3722 constabant
2314 3683 2349 3723 e

436 3750 792 3813 Caesaiianis
826 3751 1180 3832 legionibus.
1264 3753 1573 3817 Proeterea
1611 3755 1939 3834 instigabat
1971 3777 2096 3827 eos,
2139 3756 2225 3817 uti
2262 3756 2349 3818 le·-

432 3857 603 3927 gatos
643 3850 858 3910 iterum
898 3848 977 3910 ad
1019 3857 1290 3910 senatum
1329 3850 1653 3922 mitterent,
1694 3853 1865 3932 quasi
1910 3850 2349 3933 deprecaturos,

431 3965 507 4005 ne
534 3955 746 4008 eontra
770 3944 864 4007 fas
881 3957 946 4008 et
969 3947 1318 4027 religionem
1341 3946 1624 4010 dimicare
1647 3969 1785 4010 cum
1810 3950 2045 4011 civibus
2066 3970 2349 4029 cogeren-

431 4051 528 4103 tur
545 4063 564 4113 ;
625 4063 852 4115 revera,
901 4054 968 4104 ut
1007 4046 1319 4124 exigerent
1369 4045 1629 4107 nondum
1673 4046 2005 4128 persolutus
2041 4049 2347 4128 pecunias,

433 4138 780 4220 Coesarique
805 4139 1019 4201 darent
1040 4140 1436 4203 consulatum.

512 4243 613 4299 54.
657 4236 799 4299 Nec
823 4239 940 4300 hoe
979 4239 1187 4300 timide
1221 4239 1411 4302 fiebat
1443 4240 1719 4323 amplius,
1758 4241 1865 4303 sed
1890 4241 2116 4324 palam,
2154 4240 2341 4304 adro·-
2375 4241 2590 4309 APP3811·

427 4345 567 4397 cata
611 4337 922 4409 concione,
952 4346 969 4373 ⁶
1011 4338 1386 4419 Quousque,’
1423 4339 1636 4420 inquit,
1680 4347 1699 4376 ‘
1728 4339 2185 4410 commilitones,
2232 4339 2339 4402 ad·

426 4435 813 4510 versariorum
889 4435 1292 4499 insatiabilem
1369 4437 1871 4519 importunitatem
1952 4435 2337 4518 perferimus?
