3300 5234
868 585 1077 635 mum
1128 583 1291 635 cxi.
1336 584 1985 657 surrcnunwruu.
2358 568 2530 637 5211
2641 582 2648 589 ·

292 727 499 789 multis
538 727 863 790 minoribus
910 728 1163 807 navigiis
1200 728 1431 789 cinctas
1478 727 1555 789 ad
1600 729 1962 791 deditionem
2006 731 2208 791 horta-

292 826 494 896 batur,
538 823 943 885 incolumitate
994 824 1295 905 promissa.
1390 824 1547 885 Tum
1590 846 1753 897 vero,
1801 837 2086 907 quantum
2131 830 2208 889 sit

294 925 633 985 hominibus
652 925 713 985 in
748 922 1107 985 firmitudine
1133 924 1457 985 animorum
1482 934 1545 983 et
1569 926 1936 1005 experientia
1962 946 2205 986 casuum

290 1021 577 1102 presidii,
604 1022 899 1103 apparuit.
984 1019 1154 1081 Nam
1180 1022 1397 1081 tirones
1422 1020 1613 1082 altera
1648 1024 1784 1083 navi
1820 1023 2204 1084 vehebantur.

292 1118 357 1179 Ii
398 1138 539 1179 cum
583 1138 645 1179 se
682 1118 1071 1189 dedidissent,
1112 1115 1362 1178 Otacilii
1399 1116 1652 1198 perfidia
1686 1136 1888 1179 omnes
1931 1128 2072 1179 sunt
2113 1122 2204 1179 in-

290 1216 547 1277 teremti.
628 1214 921 1277 Veterani
960 1214 1339 1277 simulatione
1376 1214 1700 1276 deditionis
1741 1226 2014 1277 extracto
2049 1226 2204 1276 tem·

290 1333 458 1395 pore,
486 1332 699 1373 navem
726 1309 1091 1394 impulerunt
1127 1311 1206 1372 ad
1246 1310 1450 1372 littus:
1492 1321 1556 1372 et
1590 1314 1978 1374 exscensione
2015 1312 2202 1384 facta,

290 1410 523 1490 equites
566 1410 645 1471 ab
692 1408 961 1470 Otacilio
1006 1410 1298 1470 immissos
1340 1408 1702 1491 repulerunt,
1745 1420 1807 1470 et
1846 1410 1926 1471 ad
1967 1431 2202 1471 suorum

288 1506 569 1587 praesidia
593 1514 986 1587 pervenerunt
1010 1506 1355 1567 incolumes.
1429 1506 1732 1568 Otacilius
1758 1508 1940 1567 etiam
1969 1506 2202 1567 Lissum

289 1606 511 1678 amisit,
546 1604 689 1684 quia
724 1611 1049 1665 conventus
1087 1604 1311 1664 civium
1337 1602 1771 1675 Romanorum,
1809 1604 2068 1665 Antonii
2093 1624 2203 1665 au-

282 1700 415 1761 dito
464 1700 748 1772 adventu,
796 1698 875 1761 ad
917 1698 1178 1760 Caesaris
1226 1709 1427 1782 partes
1470 1720 1533 1761 se
1582 1700 1976 1781 applicuerat,
2027 1702 2126 1780 cuj
2135 1722 2202 1761 us

284 1796 581 1859 beneficio
637 1797 846 1858 datum
904 1796 1019 1857 sibi
1076 1797 1363 1878 oppidum
1416 1806 1595 1878 atque
1646 1798 1936 1857 munitum
1991 1800 2197 1857 memi-

288 1904 479 1955 uerat.

370 1998 475 2051 29.
519 1989 807 2070 Legiones
848 1996 1257 2050 veteranorum
1274 1991 1297 2027 ³
1343 1997 1463 2049 tres
1506 1990 1812 2050 Antonius
1849 1991 2196 2062 transvexit,
2224 1998 2354 2049 Plut.

287 2108 469 2149 unam
494 2087 767 2159 tironum,
796 2088 955 2165 (haec
980 2095 1151 2147 erant
1170 2087 1405 2149 circiter
1428 2086 1641 2166 viginti
1673 2087 1930 2147 militum
1957 2087 2196 2168 millia,)
2223 2067 2406 2183 325⁰·

286 2186 519 2266 equites
540 2186 930 2264 octingentos.
1016 2184 1259 2245 Horum
1290 2184 1579 2245 adventus
1602 2184 1811 2245 eodem
1837 2184 2020 2245 ferme
2049 2194 2198 2245 tem-

286 2302 429 2363 pooe
466 2281 691 2342 Caesari
732 2281 1147 2363 Pompeioque
1188 2282 1462 2360 cognitus
1495 2290 1814 2361 utrumque
1843 2282 2090 2353 excivit,
2133 2291 2200 2342 ut

286 2380 498 2439 eodem
532 2378 633 2439 die
670 2387 865 2438 cestra
904 2386 1245 2438 moverentt
1286 2378 1413 2449 hic,
1450 2386 1517 2437 ut
1550 2386 1884 2438 occurreret
1907 2378 2198 2439 venienti-

286 2476 417 2547 bus,
445 2484 509 2537 et
534 2495 611 2535 ue
632 2495 771 2536 cum
798 2474 1041 2535 Caesare
1074 2473 1357 2554 conjungi
1398 2484 1636 2556 possent
1673 2474 2024 2555 impediret:
2069 2474 2196 2547 ille,

286 2580 354 2631 ut
396 2582 649 2633 conatus
688 2570 969 2653 Pompeii
1010 2589 1199 2632 vanos
1241 2570 1517 2632 efficeret.
1621 2570 1766 2631 Uno
1811 2569 1910 2631 die
1951 2572 2202 2631 celerius

284 2671 541 2729 occurrit
584 2668 869 2747 Magnus,
912 2668 1059 2748 quia
1097 2666 1327 2727 nullum
1376 2668 1469 2728 illi
1510 2668 1933 2729 transeundum
1979 2668 2196 2729 flumen
2265 2682 2274 2691 “

283 2764 514 2833 fuerat:
562 2764 861 2825 Caesarem
904 2764 1126 2826 vadum
1178 2763 1561 2843 quaerendum
1612 2764 1970 2826 tardaverat.
2072 2764 2197 2827 Sed

284 2861 567 2922 adversus
598 2862 721 2921 vim
740 2860 997 2922 hostium
1026 2861 1331 2921 Antonius
1352 2862 1565 2921 castris
1588 2882 1652 2921 se
1679 2862 1886 2921 tenuit.
1972 2861 2197 2943 Super-

282 2968 460 3019 ventu
502 2958 719 3019 deinde
758 2956 1017 3019 Caesaris
1040 2957 1375 3039 Pompeius
1403 2959 1483 3019 sd
1522 2958 1962 3041 Dyrrhachium
1999 2961 2197 3041 posuit

281 3064 496 3129 cestra,
540 3056 677 3117 loco
716 3054 955 3127 idoneo,
1000 3056 1409 3137 Asparagium
1450 3066 1685 3117 vocant.
1767 3056 2192 3139 Theophanem
2219 3070 2348 3122 Plut.
2365 3072 2474 3123 cic.

282 3152 522 3224 deinde,
548 3174 669 3234 quo
692 3152 971 3235 praefecto
997 3153 1233 3213 fabrum
1258 3154 1555 3226 utebatur,
1580 3156 1761 3227 misit,
1789 3157 1891 3234 qui
1918 3153 2196 3216 Rhodios

278 3248 355 3310 de
381 3252 603 3310 amissa
626 3250 815 3311 classe
838 3250 1267 3321 consolaretur,
1300 3258 1329 3288 '⁶
1362 3272 1479 3313 non
1523 3251 1603 3311 ab
1640 3252 1909 3312 hostibus
1943 3260 2194 3332 accepto

280 3344 653 3418 detrimento,
702 3346 807 3407 sed
852 3346 1025 3407 illato
1074 3349 1541 3428 tempestatibus.
1646 3346 1872 3428 Neque
1919 3347 2192 3408 navalem

281 3440 521 3503 illorum
557 3442 877 3523 deliquisse
916 3442 1201 3523 gloriam3
1258 3453 1324 3504 et
1363 3443 1525 3524 quod
1570 3444 1782 3504 virium
1823 3443 2189 3515 decessisset,

280 3540 339 3600 id
393 3538 633 3602 abunde
680 3539 971 3600 beneficio
1020 3548 1259 3601 senatus
1303 3549 1487 3621 atque
1543 3540 1824 3622 Pompeii
1877 3558 2188 3621 recupera-

280 3646 443 3697 turos
482 3655 562 3696 ex
608 3636 879 3708 victoria,
922 3656 1102 3716 quam
1146 3646 1371 3698 certam
1414 3636 1907 3718 exploratamque
1953 3658 2078 3697 esse
2125 3638 2188 3696 in

279 3734 591 3794 manibus!

353 3838 455 3893 ³⁰.
500 3831 597 3891 At
631 3829 839 3892 Caesar
856 3832 987 3910 jam
1013 3823 1322 3891 abundans
1348 3832 1555 3911 copiis,
1586 3830 1704 3891 Cn.
1739 3829 2008 3890 Domitio
2035 3826 2182 3888 Cal·
2207 3835 2328 3890 Dio.
2351 3835 2480 3887 Con.

276 3928 411 3989 vino
448 3938 571 3989 tres
596 3928 858 4008 legiones
880 3948 1017 3989 cum
1042 3928 1341 4007 equitibus
1364 3929 1725 4008 quingentis,
1756 3926 1827 3986 L.
1857 3926 2068 3987 Cassio
2095 3926 2182 3985 le-

274 4025 503 4103 gionem
542 4026 795 4085 tironum
832 4034 893 4085 et
932 4025 1163 4107 equites
1198 4024 1505 4095 ducentos,
1536 4024 1611 4085 C.
1640 4022 1914 4084 Calvisio
1953 4021 2182 4082 Sabino

274 4122 543 4183 cohortes
581 4122 841 4203 quinque
872 4141 1007 4183 cum
1043 4122 1251 4201 paucis
1284 4122 1583 4201 equitibus
1619 4120 1931 4188 attribuit:
1974 4128 2043 4178 ut
2075 4138 2182 4199 per

279 4350 479 4482 ,ἔξω
500 4352 707 4405 emend.
734 4354 889 4405 Crev.
911 4367 977 4404 ex
1003 4353 1139 4405 Cas.
1191 4353 1425 4417 Legiones
1441 4352 1629 4405 omnino
1649 4358 1747 4403 tres
1766 4350 1960 4416 legitur
1981 4346 2035 4400 in
2055 4344 2179 4403 edd.
