3300 5234
798 575 1001 624 mam
1052 575 1171 623 cv,
1216 572 1776 625 surranum-tro
1791 576 1872 623 M.
2270 558 2454 625 ³069

226 722 427 779 aarum
472 716 813 779 Galliarum
860 718 1039 797 legati
1083 718 1447 779 mitterentur
1475 738 1493 787 3
1551 717 1714 798 quod
1761 716 2002 779 infestas
2045 730 2122 779 ac

231 815 369 875 feras
410 824 615 894 gentes
654 835 695 875 a
734 814 973 875 Caesare
1016 814 1251 886 lacessi,
1293 832 1505 896 parum
1544 834 1579 875 e
1618 814 1930 897 republica
1951 813 2122 874 vide·

234 914 415 973 rehu!

301 1016 393 1071 54.
434 1008 686 1071 Interim
724 1010 953 1091 equites
988 1009 1411 1071 Tencterorum
1448 1018 1511 1071 et
1550 1009 1890 1091 Usipetum,
1916 1006 2124 1068 audita
2144 1017 2272 1069 (ἕπεο.

233 1126 443 1167 suorum
466 1106 667 1179 clade,
696 1128 803 1187 per
828 1107 981 1167 alias
1002 1108 1135 1167 vias
1170 1106 1249 1167 ad
1289 1105 1573 1166 Rhenum
1598 1114 1906 1178 venerunt,
1931 1126 2128 1187 eoque

234 1208 571 1277 ammisso,
600 1214 739 1267 sunt
764 1227 802 1267 a
824 1206 1156 1286 Sigambris
1182 1206 1440 1286 recepti:
1484 1204 1693 1265 eodem
1719 1206 1896 1286 pauci
1919 1226 2125 1294 eorum

234 1304 321 1381 qui
355 1303 557 1384 praelio
598 1300 1005 1374 iuterfuerunt,
1048 1324 1126 1363 ex
1171 1303 1317 1383 fuga
1345 1312 1752 1384 penetrarunt.
1837 1302 1961 1363 Eos
1985 1323 2125 1363 cum

236 1400 416 1460 Caesar
438 1400 583 1461 dedi
621 1400 971 1481 postularet,
1001 1398 1299 1479 Sigambri
1340 1399 1543 1481 populi
1580 1398 1848 1460 Romani
1887 1401 2126 1483 imperi-

236 1518 317 1557 um
342 1496 559 1558 Rheno
584 1496 743 1558 finiri
770 1498 1231 1579 responderunt:
1276 1508 1293 1533 ⁶
1316 1499 1369 1557 si
1395 1499 1523 1578 ipse
1548 1497 1739 1557 nollet
1764 1500 1822 1557 in
1851 1495 2126 1557 Galliam

234 1596 407 1655 venire
430 1593 789 1667 Germanos,
814 1594 1072 1655 vicissim
1099 1604 1163 1655 et
1184 1596 1299 1655 sibi
1332 1595 1489 1673 juris
1514 1603 1620 1655 aut
1645 1594 1950 1675 potestatis
1975 1590 2126 1656 nihil

236 1710 475 1771 arrogare
500 1691 724 1752 debere
766 1692 827 1751 in
859 1691 1227 1752 Germania!
1311 1689 1465 1771 Inde
1500 1711 1714 1751 causas
1751 1691 1864 1751 sibi
1897 1699 2129 1751 struens

237 1786 434 1861 cm,
476 1810 585 1869 per
626 1776 777 1868 quas
821 1788 1108 1849 Rhenum
1152 1788 1576 1849 trannitteret
1618 1789 1929 1868 (cupiebat
1967 1788 2128 1849 enim
2183 1786 2382 1837 Sueton.
2439 1830 2454 1839 -

234 1886 422 1945 nemini
459 1885 877 1947 Romanorum
916 1894 1165 1947 tentatae
1206 1886 1291 1945 rei
1329 1886 1572 1965 gloriam
1610 1885 1888 1967 adipisci)
1918 1885 2126 1945 lubens
2147 1850 2270 1970 (ἐξ
2286 1857 2428 1968 ἓξὲξ

234 1982 437 2043 audivit
463 1980 769 2044 Ubiorum
810 1992 1095 2055 oratores,
1121 1984 1227 2062 qui
1262 1982 1543 2043 adversus
1576 1982 1806 2043 Suevos
1843 1980 2123 2062 implora-

233 2078 356 2139 bant
376 2100 517 2161 opes
545 2080 829 2153 Caesaris,
856 2079 1258 2159 Rhenumque
1295 2082 1619 2160 trajectum
1655 2100 1930 2159 magnam
1957 2078 2126 2141 navi·-

234 2195 315 2235 um
330 2180 561 2259 copiam
584 2178 1043 2259 pollicebantur.
1104 2177 1309 2238 Caesar
1336 2188 1515 2260 ponte
1539 2178 1864 2257 transgredi
1891 2176 2122 2240 maluit.

235 2271 357 2339 Quo
402 2276 557 2337 intra
614 2276 745 2335 dies
794 2274 1001 2336 decem
1050 2275 1286 2347 effectu,
1341 2275 1611 2336 traduxit
1661 2277 2008 2347 exercitum,
2061 2284 2124 2336 et

232 2372 532 2450 proximam
566 2370 915 2433 Germaniae
955 2382 1184 2454 partem
1221 2381 1451 2433 vastare
1490 2372 1686 2454 coepit.
1774 2371 1897 2431 Sed
1923 2372 2028 2432 ubi
2061 2394 2124 2433 se

233 2466 501 2547 Sigambri
542 2469 611 2529 in
658 2469 795 2529 loca
836 2467 1125 2550 impedita
1167 2477 1539 2549 receperunt,
1583 2467 1910 2549 Suevique,
1937 2470 2126 2529 missis

230 2584 681 2646 quaquaversum
734 2566 978 2635 nuntiis,
1030 2586 1241 2645 cogere
1294 2567 1622 2627 exercitum
1675 2565 2126 2637 nuntiabantur,

231 2660 407 2725 (ἕπευ
427 2665 574 2725 satis
600 2671 665 2723 et
691 2661 767 2724 ad
796 2661 1038 2723 laudem
1065 2672 1128 2724 et
1154 2663 1233 2724 ad
1260 2663 1580 2724 utilitatem
1607 2662 1940 2744 profectum
1966 2664 2124 2723 arbi-

228 2768 411 2833 tratus,
432 2762 681 2823 reduxit
702 2762 765 2821 in
794 2761 1071 2823 Galliam
1091 2762 1299 2843 copias
1324 2769 1682 2843 pontemque
1708 2760 1972 2832 rescidit,
1999 2760 2126 2821 dies

229 2860 436 2920 omnino
458 2858 881 2939 duodeviginti
907 2868 1068 2920 trans
1093 2858 1381 2919 Rhenum
1407 2864 1820 2921 commoratus-

295 2962 383 3017 55.
423 2956 607 3030 Inde,
634 2976 773 3017 cum
806 2958 1027 3037 exigua
1065 2976 1201 3039 pars
1224 2957 1446 3017 aestatis
1468 2965 1822 3037 superesset,
1849 2957 2034 3017 etiam
2059 2956 2123 3015 in
2187 2988 2396 3041 veum.

232 3050 575 3115 Britanniam
604 3053 927 3133 navigandi
952 3054 1113 3135 cepit
1135 3054 1423 3135 impetum
1446 3074 1465 3112 ι
1506 3063 1575 3113 ut
1593 3053 1848 3113 insulam
1873 3072 1946 3113 ne
1973 3051 2121 3113 vici-
2143 3056 2229 3105 46.
2253 3061 2303 3103 et
2321 3058 2408 3104 47·

230 3149 303 3208 nis
322 3150 551 3231 quidem
577 3150 884 3231 cognitam
912 3150 1127 3223 adiret,
1154 3150 1315 3232 quod
1352 3170 1527 3211 nemo
1565 3149 1762 3211 adhuc
1812 3149 2120 3210 Romano·
2143 3119 2448 3247 Ρῗιῗξρἷῒε

232 3266 339 3308 rum
359 3247 599 3311 fecerat.
684 3249 948 3331 Tempus
974 3248 1055 3309 ad
1080 3249 1284 3328 exigui
1310 3250 1489 3309 maris
1512 3250 1848 3323 transitum,
1875 3268 2124 3327 cognos-
2145 3252 2262 3298 ²⁰⁰·

231 3344 531 3427 ceadosque
562 3346 991 3407 Britannorum
1020 3344 1618 3413 animosmfficiebat.
1705 3344 1878 3405 Idem
1908 3346 2120 3405 obten-
2143 3312 2448 3444 ξιιῗοωΐῃο

233 3446 337 3501 tum
356 3444 679 3523 prestabat
701 3442 867 3503 bello
886 3443 1109 3504 omisso
1145 3442 1453 3513 redeundi,
1478 3443 1529 3503 si
1552 3441 1854 3503 difficilius
1879 3462 1984 3523 spe
2009 3460 2119 3502 sua
2141 3458 2187 3491 c.
2216 3446 2298 3494 18·

233 3540 499 3617 negotium
538 3540 878 3623 reperisset..
960 3539 1133 3601 Nam
1179 3538 1258 3599 ad
1301 3539 1365 3600 id
1407 3549 1642 3621 tempus
1693 3540 1844 3600 adeo
1889 3538 2121 3599 Graecis
2142 3506 2273 3623 (ᾖξ’

232 3632 609 3719 Romanisque
647 3638 853 3717 ignota
888 3636 1085 3698 fuerat
1111 3636 1451 3707 Britannia,
1478 3645 1545 3697 ut
1570 3636 1678 3696 alii
1703 3633 2124 3714 magnitudinis.

234 3744 545 3811 argumento
580 3736 985 3797 continentem
1020 3754 1149 3795 esse
1174 3734 1463 3805 dicerent,
1490 3734 1770 3815 opinione
1795 3733 1907 3793 hac
1933 3752 2118 3813 usque
2159 3732 2444 3801 Tne-Agric-

232 3828 295 3889 nd
334 3832 639 3913 imperium
682 3831 1045 3914 Vespasiani
1086 3832 1391 3893 obtinente
1409 3852 1427 3900 ι
1447 3834 1470 3861 ⁰
1508 3832 1860 3892 vetustiores
1903 3848 2116 3890 nomen
2140 3803 2421 3915 ἷὴἐεῇα.

233 3934 383 4007 atque
405 3928 677 3991 fabulam
702 3930 830 3991 sine
869 3950 955 4003 re,
984 3929 1269 4011 quicquid
1305 3928 1383 3989 de
1420 3929 1529 3989 illa
1568 3928 1884 4000 diceretur,
1908 3929 2116 3989 existi-
2140 3924 2269 3981 088-

253 4166 299 4235 ‘e
318 4156 556 4239 Opunte
576 4164 671 4214 lue
690 4176 836 4227 usqne
855 4164 919 4214 ad
942 4159 1121 4227 Vespa·
1230 4178 1289 4213 er
1309 4162 1531 4213 insulam
1550 4176 1665 4212 eam
1684 4159 2114 4239 nominarer-nnn

226 4237 331 4338 ιιι
345 4226 1119 4345 ὛΜΗῑ·
1190 4226 1830 4345 ”mmm
1843 4241 2116 4344 ιιιιιῑ·

229 4350 377 4407 t'arent
406 4360 526 4423 quin
561 4359 845 4409 Britannia
878 4372 1002 4409 vere
1026 4358 1121 4409 ‘in-
1193 4310 1370 4411 Creu-q

224 4422 321 4484 vua
332 4432 485 4499 quet.
532 4424 971 4490 emmau-abo,
984 4438 1119 4476 sem-
