3300 5234
640 4140 948 4194 .B.r.Af

762 1535 981 1615 Appian.

762 1600 881 1652 Dio.

762 1666 898 1716 Plut-

764 1828 883 1881 Dio.

794 1894 873 1944 Au
876 1903 942 1946 ct.
966 1897 1031 1947 de

760 1958 824 2012 Β.
846 1960 955 2013 Afr.

756 2276 921 2375 Plut..

757 2388 880 2441 Dio.

758 2452 805 2503 A
874 2454 975 2507 ian.

840 2520 930 2567 lut.

759 2582 945 2633 Cast
955 2584 1063 2633 Cat.

791 2642 981 2699 cimae

648 2696 969 2762 ‘Au-ux
976 2718 1059 2765 ..4

755 2783 879 2827 etS-

694 2884 701 2891 .
790 2841 1014 2892 A.G011.

755 2920 883 2956 xxti.
916 2911 994 2957 18.

754 3034 803 3083 A
841 3036 974 3099 pian.

786 3164 905 3213 Tac.
926 3163 1059 3215 Amr.

755 3242 833 3277 xv.
858 3233 940 3279 34.

787 3293 885 3343 Sue
888 3300 990 3341 ton.

754 3356 933 3407 Coae
935 3362 1057 3409 ..56

786 3421 937 3471 Aust.
962 3424 1023 3471 de

753 3486 817 3536 B·
838 3486 945 3537 Ast·

748 3962 885 4016 Plat.
905 3963 1018 4015 Cat.

1723 616 1798 665 Ψ.
1845 616 2041 666 mvn

1088 758 1375 821 utendam
1423 756 1774 831 Hortensio,
1819 767 1890 819 ut
1931 778 2038 841 pro
2077 776 2341 839 paupere
2377 754 2629 817 divitem
2667 756 3005 837 recipere&

1094 854 1265 917 Nam
1290 857 1477 917 haeres
1500 856 1770 917 instituta
1791 857 1870 917 ab
1889 856 2243 928 Hortensio,
2263 864 2399 937 post
2419 854 2582 915 illius
2605 853 2734 915 fata
2751 854 3000 915 domm

1088 952 1343 1029 Catonis
1366 953 1639 1015 redierat.

1171 1055 1274 1111 58.
1314 1050 1543 1111 Palam
1584 1049 1750 1111 facts
1793 1058 1980 1111 morte
2025 1047 2300 1119 Catonis,
2344 1046 2686 1118 Uticenses,
2731 1045 2878 1107 licet
2919 1048 3000 1107 ob

946 1156 963 1173 ⁰
1090 1150 1347 1232 partium
1372 1148 1631 1209 studium
1657 1148 1932 1219 oderant,
1955 1156 2156 1209 tamen
2195 1154 2436 1227 psopter
2465 1145 2822 1225 singularem
2849 1147 3000 1207 inte·

1082 1248 1386 1328 mitatem,
1432 1256 1845 1327 servatumque
1895 1245 2056 1307 haud
2107 1244 2292 1307 semel
2341 1244 2614 1318 Uticam,
2665 1253 2732 1305 et
2771 1247 3004 1323 magnis

1087 1346 1365 1425 operibus
1406 1344 1825 1427 permunitam,
1867 1342 2108 1424 publice
2151 1340 2576 1424 sepeliverunt,
2613 1360 2754 1403 cum
2799 1340 3004 1401 multis

1088 1442 1433 1522 magnisque
1454 1447 1481 1483 ⁹
1526 1440 1806 1501 laudibus
1847 1440 2148 1501 omnium.
2211 1460 2286 1499 ne
2323 1446 2488 1499 metu
2530 1437 2831 1549 quidem
2809 1458 3001 1519 impe-

1088 1537 1289 1599 diente
1338 1536 1623 1610 officinm,
1665 1537 1829 1619 quod
1864 1538 1999 1617 jam
2043 1534 2205 1597 haud
2247 1535 2458 1617 procul
2501 1535 2694 1616 copiae
2741 1533 3005 1595 Caesaris

1088 1635 1357 1695 aberant.
1436 1633 1732 1695 Tumulus
1765 1636 1826 1695 ei
1869 1633 2182 1694 mediocris
2215 1634 2438 1715 positus
2475 1642 2570 1694 est
2597 1632 2790 1712 juxta
2812 1650 3000 1703 mare,

1088 1750 1227 1791 cum
1270 1741 1471 1792 statua
1510 1734 1641 1811 ejus
1685 1732 1951 1811 gladium
1995 1738 2250 1790 tenente.
2337 1730 2480 1811 Ipse
2515 1728 2596 1788 ab
2641 1728 2756 1789 hoc
2775 1738 3000 1789 eventu

1088 1830 1435 1906 cognomine
1473 1827 1777 1889 Uticensis
1801 1849 1840 1889 a
1865 1828 2024 1910 paris
2047 1828 2398 1888 constantiae
2423 1826 2747 1907 gloriaeque
2773 1844 3002 1905 proavo

1086 1922 1479 2005 distinguitur.
1562 1926 1722 1987 Post
1739 1935 1988 1988 mortem
2014 1924 2267 1985 Catonis
2293 1923 2364 1984 L.
2395 1924 2601 1985 Gaesar
2625 1924 2685 1983 in
2707 1922 3002 1983 concione

1088 2024 1299 2104 populi
1326 2023 1633 2083 Uticensis
1659 2022 1874 2085 suadet
1897 2031 1966 2083 ut
1983 2031 2170 2103 portae
2196 2022 2554 2104 aperiantur.
2613 2030 2631 2057 ‘
2655 2019 2736 2079 Se
2764 2018 3003 2100 profec-

1086 2126 1287 2181 turum
1312 2122 1390 2181 ad
1419 2120 1722 2183 caesarem
1745 2123 2176 2202 imperatorem,
2203 2122 2377 2199 cujus
2401 2121 2462 2180 in
2487 2118 2808 2179 clementia
2831 2137 3002 2199 spem

1082 2236 1365 2299 magnam
1391 2219 1657 2279 habeat’

1168 2324 1271 2379 50.
1314 2315 1567 2377 Interim
1607 2315 1835 2385 Caesar,
1863 2315 2101 2395 cognito
2125 2313 2442 2383 Catonem,
2481 2309 2739 2372 dimissis
2761 2312 3000 2383 ceteris,

1089 2414 1293 2475 Uticoe
1312 2431 1451 2475 cum
1474 2412 1604 2473 filio
1626 2412 1974 2484 substitisse,
2002 2430 2120 2471 non
2145 2408 2506 2491 expediebat
2527 2408 2840 2469 consilium
2863 2409 2998 2469 viri.

1090 2510 1249 2572 Dein
1276 2504 1483 2570 audita
1505 2512 1637 2590 ejus
1661 2518 1850 2569 morte
1875 2508 2099 2569 dixisse
2123 2506 2363 2576 dicitur,
2387 2514 2406 2541 ‘
2433 2504 2690 2565 Invideo
2713 2505 2826 2565 tibi
2841 2526 2998 2565 mor·-

1086 2615 1209 2668 tem
1247 2608 1425 2679 banc,
1466 2607 1649 2677 Cato,
1689 2606 1931 2687 quando
1955 2614 2022 2665 tu
2058 2604 2202 2664 mihi
2238 2603 2458 2663 servati
2483 2604 2572 2662 tui
2599 2602 2822 2663 famam
2845 2604 2997 2662 invi-

1086 2703 1249 2763 disti.
1252 2705 1271 2733 ’
1348 2702 1521 2763 Tulit
1558 2713 1757 2763 tamen
1797 2702 2052 2763 civiliter
2091 2708 2302 2781 postea
2325 2698 2612 2759 celebrari
2639 2718 2678 2759 a
2703 2698 2998 2760 Cicerone

1085 2800 1408 2874 Catonem,
1429 2800 1582 2861 libro
1601 2802 1706 2879 qui
1733 2799 1904 2860 ‘laus
1927 2799 2022 2859 M.
2047 2798 2328 2859 Catonis'
2355 2797 2707 2857 inscribitur.
2773 2794 2998 2876 Neque

1084 2896 1275 2970 aliud,
1302 2897 1413 2957 nisi
1435 2906 1721 2979 tanquam
1741 2896 1902 2979 apud
1928 2896 2170 2975 judices
2211 2892 2537 2975 respondit,
2563 2893 2798 2955 duobus
2821 2891 3001 2953 editis

1086 2993 1575 3056 Anticatonibus.

1164 3098 1267 3153 60.
1310 3092 1602 3173 Receptis
1625 3091 1863 3152 interim
1889 3091 2082 3151 obiter
2109 3090 2342 3152 Usceta
2373 3098 2440 3151 et
2473 3086 2812 3149 Admmeto
2837 3088 2998 3148 urbi-

1082 3189 1217 3261 bus,
1241 3190 1485 3271 vitaque
1526 3191 1676 3257 Q.¹⁰
1703 3189 1942 3269 Ligario
1987 3199 2051 3249 et
2089 3189 2166 3249 C.
2212 3188 2502 3250 Considio
2541 3188 2670 3249 filio
2695 3207 2996 3259 concess,

1085 3285 1334 3347 Uticam
1362 3289 1578 3371 pergit,
1606 3309 1743 3368 quae
1768 3288 1902 3367 jam
1943 3306 1981 3347 a
2026 3286 2321 3347 Messalla
2355 3286 2640 3348 custodiis
2675 3285 2756 3345 ad
2795 3294 2998 3366 portas

1081 3384 1366 3464 oppositis
1390 3386 1721 3445 tenebatur.
1805 3384 2043 3444 Obvius
2077 3385 2164 3444 ibi
2193 3383 2264 3443 L.
2295 3384 2502 3443 Caesar
2539 3404 2604 3443 se
2644 3383 2885 3444 demisit
2917 3380 2996 3443 ad

1079 3481 1319 3543 victoris
1344 3500 1556 3561 genua,
1592 3484 1900 3564 vitamque
1925 3482 2228 3544 duntaxat
2253 3482 2628 3565 deprecatus,
2651 3484 2711 3542 in
2737 3502 2994 3564 praesen·

1078 3578 1168 3639 tia
1192 3578 1432 3660 quidem
1458 3581 1759 3641 obtinuit:
1803 3580 2129 3661 eademque
2155 3581 2336 3641 venia
2359 3580 2646 3652 Caecinoe,
2677 3580 2752 3640 C.
2783 3580 2992 3651 Ateio,

1080 3676 1165 3736 P.
1194 3675 1400 3749 Atrio,
1424 3678 1495 3739 L.
1525 3676 1718 3738 Cellae
1745 3679 1901 3758 patri
1926 3688 1988 3737 et
2013 3676 2164 3750 filio,
2195 3677 2290 3737 M.
2319 3678 2546 3759 Eppio‚
2576 3677 2670 3739 M.
2699 3678 2995 3759 Aquinio,

1080 3772 1448 3855 Catonisque
1486 3783 1550 3835 et
1586 3775 1943 3856 Damasippi
1978 3774 2180 3836 liberis
2201 3774 2381 3835 data:
2427 3776 2686 3857 itemque
2725 3774 2994 3848 Statilio,

1078 3871 1183 3950 qui
1228 3870 1481 3932 Catonis
1520 3873 1750 3931 exitum
1793 3872 2128 3932 imitaturus
2175 3892 2214 3931 a
2259 3870 2630 3954 philosophis
2667 3874 2997 3954 prohibitus

1078 3964 1292 4028 fuerat.
1364 3968 1756 4031 Uticensibus
1783 3989 1891 4049 pro
1915 3968 2112 4029 studio
2138 3988 2282 4048 erga
2301 3989 2364 4029 se
2391 3970 2615 4049 gratias
2636 3972 2780 4049 egit.
2847 3970 2994 4030 Tre-

785 4077 865 4124 Au
870 4085 938 4127 ct.
960 4080 1020 4129 de
1074 4073 1281 4125 centos
1296 4066 1466 4144 gravi
1493 4075 1556 4126 et
1582 4065 1761 4145 longa
1785 4066 2048 4127 oratione
2075 4067 2396 4137 incusatos,
2424 4067 2519 4126 bis
2543 4066 2760 4127 millies
2783 4078 2991 4128 sester-

944 4242 953 4247 -
1077 4161 1203 4221 tio⁸
1228 4162 1565 4236 mulctavit,
1610 4172 1832 4243 ‘quam
1869 4184 2162 4223 summam
2203 4184 2312 4224 sex
2349 4166 2730 4245 pensionibus
2771 4164 2992 4246 populo

1322 4332 1356 4377 9
1387 4330 1590 4379 Deerat
1608 4328 1664 4380 in
1687 4328 1810 4379 edd.
1828 4337 1952 4380 ante
1976 4330 2129 4381 Crev.
2149 4332 2212 4379 τὸ
2231 4346 2340 4395 que.

1328 4397 1391 4443 lo
1426 4395 1492 4451 Q.
1516 4409 1609 4459 pro
1634 4395 1694 4443 C.
1718 4396 1954 4459 reposuit
1976 4396 2132 4448 Οτι-ν.
2153 4412 2222 4447 ex
2245 4396 2404 4447 Auct.
2429 4397 2496 4446 de
2521 4396 2588 4447 B.
2613 4394 2732 4447 Afr.

1855 4502 1882 4522 θ
1890 4500 2228 4521 ‘uum‘

1142 4570 1166 4598 Φ
1198 4564 1293 4615 Bis
1313 4565 1486 4616 millies
1504 4568 1750 4634 mertia]
1787 4568 1985 4621 Marcis
2009 4569 2214 4635 argenti
2242 4568 2565 4622 nostratibus
2585 4572 2802 4620 781350.
2824 4570 2966 4621 Cres.
