3300 5234
885 550 1097 610 melu
1148 552 1335 612 GVH·
1376 553 2026 615 surranuswwu.

313 698 525 771 AEdui,
562 698 777 762 fraude
814 701 1069 765 Litavici
1110 703 1371 783 cognita,
1396 706 1682 786 projectis
1706 704 1908 779 armis,
1933 703 2076 767 fidei
2101 703 2244 766 Goe⁴

316 800 465 859 saris
510 800 1035 880 tue-permiserunt.
1118 802 1425 863 Litavicus
1468 824 1619 863 cnm-
1646 802 1970 863 clientibus
2011 802 2246 883 Gergo-

318 896 481 955 viam
510 896 793 977 profugit.
876 896 987 958 Ad
1010 898 1317 959 civitatem
1342 899 1676 962 AEduorum
1701 901 1892 961 nuntii
1931 900 2008 961 de
2034 900 2128 961 his
2153 920 2246 960 re·

316 992 431 1051 bus
456 994 541 1053 ab
572 993 813 1054 Caesare
836 994 1169 1055 mittuntur.

286 1137 295 1149 .
388 1094 499 1148 64.
546 1088 795 1149 Interea
832 1097 1033 1151 castra
1062 1090 1411 1153 Coesariana
1442 1093 1583 1153 totis
1607 1094 1836 1155 viribus
1860 1114 2246 1176 oppugnave-

314 1192 449 1243 rant
474 1183 677 1255 Galli,
712 1184 1049 1265 multosque
1087 1184 1501 1249 Romanorum
1539 1189 2029 1251 vulneraverant:
2073 1200 2246 1272 puta-

312 1280 653 1361 banturque
678 1281 963 1361 postridie
988 1280 1235 1345 redituri
1258 1282 1461 1357 fuisse,
1490 1285 1601 1345 nisi
1628 1286 1808 1347 celeri
1835 1286 2027 1348 reditu
2057 1289 2247 1369 impe-

320 1378 537 1438 ratoris
556 1386 757 1439 essent
780 1378 860 1439 ab
886 1379 1001 1439 hac
1034 1398 1140 1459 spe
1175 1378 1415 1460 dejecti.
1500 1380 1623 1442 Sed
1648 1382 1983 1443 AEduorum
2011 1384 2245 1463 vulgus,

314 1483 377 1535 et
400 1476 511 1555 qui
538 1474 922 1537 Gallicarum
962 1477 1220 1557 partium
1262 1478 1417 1537 inter
1458 1478 1756 1559 principes
1795 1488 1986 1551 erant,
2029 1482 2246 1561 partim

314 1572 679 1644 temeritate,
706 1572 811 1632 alii
838 1590 912 1632 ne
936 1580 1093 1633 essct
1126 1572 1241 1631 sibi
1274 1572 1531 1633 dicenda
1559 1573 1908 1654 proditionis
1931 1596 2137 1648 causa,
2167 1574 2246 1635 ad

314 1667 575 1747 primum
626 1688 667 1729 a
718 1668 989 1729 Litavico
1042 1669 1312 1729 nuntium
1362 1670 1529 1729 cives
1581 1668 1896 1731 Romanos
1947 1672 2244 1744 occidere,

252 1800 261 1807 ·
313 1764 475 1824 bona
498 1764 783 1846 diripere,
810 1764 965 1825 alios
986 1765 1093 1847 qui
1136 1786 1201 1826 se
1237 1764 1639 1828 defendebant
1679 1788 2022 1849 oppugnare
2061 1778 2245 1850 atque

316 1859 595 1921 obsidere
618 1870 937 1943 coeperant.
1010 1862 1167 1924 Mox
1190 1862 1295 1921 ubi
1318 1882 1457 1923 suos
1480 1863 1700 1925 milites
1725 1866 1910 1925 teneri
1937 1886 1976 1927 a
2002 1865 2244 1927 Oaesare

313 1958 683 2031 didicerunt,
700 1970 769 2021 ut
786 1961 895 2021 hos
918 1968 1357 2042 recuperarent,
1370 1959 1678 2022 decretum
1703 1962 1994 2035 fecerunt,
2021 1974 2040 2001 ⁴
2061 1966 2148 2025 uti
2166 1963 2244 2025 de

314 2058 489 2118 bonis
512 2058 761 2140 direptis
784 2059 1039 2138 quastio
1064 2058 1413 2119 haberetur:
1443 2058 1700 2121 Litavici
1725 2069 1790 2121 et
1811 2059 2060 2121 fratrum
2084 2062 2244 2122 bona

313 2156 803 2236 publicarentur:
868 2156 1054 2236 legati
1104 2154 1473 2216 satisfactum
1544 2153 1776 2217 Ooesari
1831 2158 2242 2219 mitterentur.’

316 2252 527 2315 Caesar
566 2254 775 2333 legatis
827 2254 1079 2333 benigne
1116 2252 1444 2334 respondit,
1480 2273 1557 2313 ne
1594 2253 1794 2315 alieno
1827 2264 2092 2336 tempore
2131 2278 2240 2338 po⁴

312 2350 707 2413 tentissimam
746 2352 1053 2413 civitatem
1088 2351 1367 2413 irritaret.
1450 2350 1623 2412 Nam
1661 2350 1982 2433 desperata
2005 2352 2242 2433 Gergo-

314 2450 432 2509 viae
458 2450 932 2531 expugnatione,
958 2447 1459 2529 quemadmodum
1491 2448 1645 2509 citra
1667 2447 2046 2530 dispendium
2071 2470 2240 2511 exer·

316 2546 479 2609 citus
503 2556 613 2608 aut
636 2547 814 2608 famae
838 2546 1194 2617 discederet,
1222 2546 1547 2625 cogitabat.

390 2650 500 2705 65.
545 2642 841 2705 Attamen
882 2645 1037 2705 inter
1070 2664 1172 2705 eas
1208 2644 1601 2723 cogitationes
1631 2640 1958 2723 aliquando
1984 2644 2242 2705 hostium

314 2750 516 2801 castra
542 2738 969 2823 propemodum
994 2760 1187 2802 vacua
1212 2740 1605 2821 conspicatus,
1634 2738 1796 2821 quod
1833 2741 1879 2799 ii
1909 2740 1987 2800 ad
2011 2750 2240 2801 certum

316 2838 836 2899 communiendum
886 2838 1083 2899 locum
1132 2837 1355 2897 milites
1400 2836 1769 2906 eduxerantz
1815 2857 2021 2918 parum
2067 2858 2106 2899 a
2137 2859 2240 2899 ca·

321 2934 547 3014 piendo
573 2935 797 3016 oppido
822 2934 1033 2995 abfuit.
1118 2933 1288 2994 Nam
1328 2932 1507 2993 celeri
1544 2933 1924 3013 impressione
1958 2934 2074 2994 tria
2106 2936 2244 2995 hos-

318 3032 465 3092 tium
506 3040 709 3093 casta-a
743 3032 941 3113 cepit:
984 3030 1473 3113 prosequentibus
1516 3030 1828 3091 victoriam
1871 3051 1974 3112 spe
2025 3032 2242 3113 praedae

322 3126 650 3201 Romanis,
700 3128 971 3190 nonnulli
1022 3148 1221 3188 muros
1270 3126 1475 3208 oppidi
1526 3127 2012 3189 conscenderunt.
2117 3127 2242 3188 Sed

320 3236 563 3308 propter
584 3245 869 3286 summam
910 3224 1285 3305 iniquitatem
1325 3223 1471 3296 loci,
1506 3223 2006 3306 quemadmodum
2034 3224 2242 3286 Caesar

320 3324 701 3404 praeviderat,
743 3318 925 3383 facile
962 3322 1173 3403 rejecti
1214 3320 1637 3381 detrimentum
1673 3331 2056 3403 acceperunt,
2097 3342 2240 3383 cen·

320 3421 653 3482 tuitionibus
675 3440 783 3481 sex
808 3429 871 3480 et
896 3418 1315 3501 quadraginta,
1350 3403 1926 3501 manipulariumque
1965 3420 2238 3500 promtis-

321 3520 487 3579 simis
538 3518 769 3579 amissis
806 3518 1046 3579 circiter
1081 3516 1487 3597 septingentis.
1574 3515 1802 3589 caesar,
1837 3517 1953 3576 hoc
1993 3526 2241 3599 accepto

323 3614 721 3688 incommodo,
746 3616 1171 3696 castigatisque
1207 3614 1381 3673 simul
1408 3622 1591 3695 atque
1618 3613 1680 3683 in
1705 3622 2001 3695 posterum
2026 3614 2239 3675 confir-

322 3714 499 3773 matis
534 3712 847 3786 militibus,
874 3712 937 3773 id
962 3720 1195 3773 tantum
1233 3718 1519 3781 moratus,
1544 3710 1740 3771 donec
1761 3710 1986 3771 timoris
2011 3710 2242 3790 opinio-

324 3830 455 3871 nem
492 3808 831 3889 repelleret,
870 3810 1155 3870 instructa
1194 3808 1327 3869 acie
1360 3808 1599 3887 copiam
1640 3805 1940 3887 pugnandi
1975 3806 2244 3868 hostibus

326 3928 429 3988 per
468 3906 735 3967 triduum
778 3905 943 3967 fecit.
1030 3904 1267 3967 Deinde
1300 3924 1437 3965 cum
1474 3924 1513 3964 a
1536 3902 2072 3983 Vercingentorige
2109 3912 2241 3963 tan..

324 4013 450 4064 tum
473 4004 777 4084 equitatus
800 4004 1067 4073 emissus,
1108 4002 1275 4083 isque
1317 4000 1439 4061 levi
1484 3992 1691 4081 praelio
1725 4000 1938 4059 iterum
1976 3999 2245 4080 repulsus

324 4110 513 4170 essen
556 4100 1052 4181 quemadmodum
1076 4101 1483 4171 constituerat,
1512 4096 1818 4158 obsidione
1845 4097 2076 4169 relicta,
2105 4118 2242 4179 pro-

322 4196 639 4259 fectionem
664 4198 726 4257 in
751 4197 983 4259 AEduos
1006 4196 1275 4256 instituit.

402 4300 507 4355 66.
554 4292 711 4353 Cum
762 4294 843 4355 ad
887 4293 1103 4353 flumen
1154 4291 1375 4353 Elaver
1426 4282 1706 4361 venisset,
1756 4289 2131 4371 Eporedorix
2176 4302 2240 4353 et

334 4390 757 4454 Viridomarus
776 4400 1174 4453 commeatum
1200 4397 1447 4472 petunt:
1490 4396 1509 4425 ‘
1534 4384 1866 4467 intelligere
1887 4406 1950 4449 se
1977 4386 2055 4450 ad
2079 4408 2243 4450 com-

2281 590 2291 603 .
2377 542 2554 613 5121
