3300 5234
859 542 933 589 m
950 540 1067 591 aar
1120 542 1335 589 cxvi.
1382 540 1728 590 summum
1744 541 2032 591 nurum.
2375 522 2550 591 5351

314 684 456 757 lius,
488 684 832 754 Petronius,
862 685 937 745 C.
969 682 1285 745 Cornelius
1310 682 1531 753 Cinna,
1571 682 1814 743 Cassius
1852 682 2221 753 Parmensis,

319 782 606 843 Caecilius
630 792 692 842 et
719 781 1071 841 Bucilianus
1097 780 1326 849 fratres,
1367 779 1633 839 Rubrius
1679 778 1885 857 Ruga,
1927 778 2012 845 Q.
2043 778 2220 856 Liga-

314 879 461 950 rius,
493 876 587 937 M.
616 877 883 957 Spurius,
917 876 999 935 P.
1030 876 1276 936 Sextius
1304 874 1501 946 Nas0,
1530 876 1792 935 Pontius
1817 874 2070 953 Aquila.

398 981 501 1034 42.
545 973 666 1034 Sed
694 972 1067 1044 Ciceronem,
1084 972 1159 1032 de
1187 973 1359 1051 cujus
1382 991 1575 1051 neque
1596 970 1716 1031 fide
1743 990 1936 1050 neque
1963 972 2222 1030 benevo·
2278 980 2409 1031 Plut.
2433 982 2541 1034 cie.

312 1070 507 1131 lentia
548 1070 913 1141 dubitarunt,
961 1069 1157 1130 celare
1204 1068 1513 1130 consilium
1564 1068 1918 1139 maluerunt,
1965 1068 2218 1129 circum-
2244 1053 2296 1094 οἱ
2319 1046 2457 1097 Brut.

310 1177 576 1248 spectam
622 1168 775 1227 senis
815 1168 1189 1249 prudentiam
1224 1168 1419 1237 veriti,
1459 1167 1701 1226 minime
1740 1174 1942 1246 aptam
1981 1166 2218 1246 negotio

310 1264 475 1343 quod
500 1264 861 1325 celeritatem
890 1274 951 1324 et
976 1266 1255 1345 impetum
1282 1265 1621 1344 requireret.
1691 1263 1812 1323 Sed
1831 1273 1894 1323 et
1911 1262 2212 1323 Statilium
2240 1282 2374 1334 Plut.
2395 1286 2538 1337 Brut.

308 1370 373 1420 et
402 1360 751 1433 Favonium,
772 1360 922 1421 duos
949 1362 1199 1422 Catonis
1222 1362 1486 1432 aemulos,
1516 1380 1629 1419 nou
1659 1360 1934 1420 adhibuit
1970 1360 2214 1431 Brutus,

305 1468 543 1519 'tentata
580 1458 1015 1525 dissimulanter
1042 1460 1344 1538 utriusque
1380 1458 1692 1529 sententia,
1729 1456 1872 1517 dum
1909 1458 2062 1517 inter
2095 1478 2214 1517 ser-

310 1576 515 1617 mones
538 1555 613 1616 de
641 1555 1012 1637 philosophia
1034 1553 1267 1614 elicitur
1296 1554 1617 1625 Favonius,
1657 1562 1724 1613 ut
1766 1562 1784 1591 ‘
1809 1552 2066 1613 deterius
2090 1575 2228 1624 esse,

310 1652 626 1732 tyrannide
650 1651 875 1711 bellum
902 1651 1079 1713 civile
1100 1654 1117 1679 ’
1138 1650 1401 1711 diceret=
1436 1650 1732 1722 Statilius,
1763 1650 2011 1730 Epicuri
2035 1660 2214 1711 sectae

308 1748 569 1817 deditus,
614 1758 681 1808 ut
720 1757 962 1826 negaret
1001 1758 1018 1783 ⁶
1038 1746 1285 1808 cordato
1327 1748 1456 1807 viro
1492 1745 1754 1807 laborem
1793 1756 1856 1806 et
1887 1746 2214 1827 periculum

309 1864 439 1904 osse
474 1843 905 1923 suscipiendum
946 1843 1233 1904 malorum
1268 1850 1332 1903 et
1364 1842 1714 1903 stolidorum
1752 1844 2052 1902 hominum
2079 1862 2210 1922 gra-

308 1942 439 2001 tia!
521 1940 714 2019 Igitur
736 1941 829 2000 his
853 1940 1098 2011 relictis,
1129 1940 1467 2009 Labeonem
1487 1953 1511 1979 ⁸
1550 1939 1848 2021 quendam
1874 1938 2169 2020 adjunxit.

390 2044 490 2097 43.
520 2037 599 2101 ,Α
629 2037 905 2097 Labeone
929 2037 1105 2097 simul
1132 2049 1193 2097 et
1214 2036 1422 2097 Cassio
1450 2036 1535 2097 D.
1562 2038 1792 2097 Brutus
1815 2046 2075 2097 tentatus
2097 2047 2208 2109 est,
2236 2050 2452 2115 Appiam

306 2136 399 2194 vir
424 2134 605 2193 animi
626 2154 741 2194 non
767 2135 1037 2205 maximi,
1057 2135 1161 2194 sed
1187 2136 1287 2195 cui
1314 2134 1571 2215 plurima
1586 2144 1718 2195 erat
1737 2134 1984 2195 fallendi
2010 2136 2208 2216 copia,
2236 2116 2352 2165 οἷο·

306 2250 413 2309 per
439 2232 718 2292 amicitiae
756 2231 973 2293 fidem:
1016 2240 1145 2291 erat
1179 2233 1333 2292 enim
1371 2232 1522 2292 inter
1559 2231 2046 2293 familiarissimos
2071 2232 2208 2292 Cae·

304 2326 471 2385 saris.
556 2327 865 2388 Praeterea
902 2348 1039 2388 cum
1076 2326 1289 2388 Idibus
1329 2328 1567 2389 Martiis
1592 2348 1804 2388 munus
1827 2328 2093 2389 editurus
2115 2350 2208 2389 es—

304 2424 478 2482 setin
504 2423 733 2484 theatro
759 2423 1060 2504 Pompeii,
1088 2424 1448 2503 gladiatores
1466 2426 1597 2504 ejus
1623 2426 1920 2504 ingentem
1946 2426 2210 2506 praebere

304 2538 477 2577 usum
523 2526 813 2599 poterant.
898 2520 995 2580 At
1032 2520 1158 2591 ille,
1198 2520 1367 2581 nullo
1404 2530 1531 2583 tum
1566 2541 1844 2602 responso
1883 2521 2049 2592 dato,
2077 2541 2208 2601 per-
2236 2544 2366 2598 Plut.

302 2616 463 2674 rexit
503 2615 581 2675 ad
620 2613 920 2677 Brutum:
964 2627 1047 2687 et,
1088 2617 1397 2677 intellecto
1444 2618 1600 2677 hunc
1654 2638 1778 2679 esse
1815 2620 1898 2679 rei
1940 2617 2209 2697 gerendae

301 2710 540 2782 ducem,
570 2713 769 2773 omnia
811 2714 1082 2794 promisit
1124 2714 1500 2795 amplissime.
1587 2713 2052 2794 ceterorumque
2077 2714 2210 2795 plu-

302 2806 483 2867 rimos
506 2818 569 2867 et
592 2810 1099 2888 praestantissimos
1124 2812 1445 2871 auctoritas
1472 2812 1565 2871 M.
1598 2812 1776 2871 Bruti
1803 2811 2033 2873 allicuit
2057 2832 2074 2873 ε
2098 2812 2208 2873 do-

302 2923 417 2965 nec
465 2902 607 2964 facti
652 2916 791 2965 sunt
838 2916 1139 2967 senatores
1188 2908 1533 2988 equitesque
1584 2906 1840 2989 amplius
1873 2906 2206 2988 sexaginta.

298 2998 457 3059 Tum
474 3001 741 3071 consilia,
758 3022 895 3081 quae
920 3004 1159 3063 seorsim
1186 3005 1471 3065 hactenus
1496 3006 1623 3064 bini
1650 3005 1876 3065 ternive
1904 3016 2205 3085 ceperant,
2230 3009 2434 3077 Eutrop-

296 3100 359 3157 in
390 3119 571 3159 unum
596 3100 859 3161 conferre
886 3102 1115 3161 visum:
1156 3109 1219 3161 et
1246 3100 1390 3163 licet
1414 3122 1608 3182 neque
1624 3104 1989 3182 juramento,
2014 3122 2205 3183 neque
2229 3076 2508 3194 Οἱῗῗῃὲο

295 3198 485 3256 sacris
512 3198 687 3257 tactis
726 3198 1121 3259 astrinxerunt
1160 3197 1365 3271 fidem,
1392 3219 1526 3259 eam
1560 3208 1762 3259 tamen
1797 3218 1936 3259 cum
1971 3199 2204 3263 silentio
2262 3173 2464 3283 Plattset
2512 3176 2527 3195 ⁶

296 3294 718 3373 pmtiterunt,
757 3304 825 3354 ut
858 3314 935 3355 ex
973 3303 1142 3355 tanto
1166 3314 1409 3355 numero
1434 3315 1611 3356 nemo
1634 3304 1894 3355 mutaret
1921 3298 2202 3370 animum,
2230 3268 2441 3335 Appum.

296 3410 477 3450 nemo
524 3390 840 3471 proderet:
902 3411 975 3451 ne
1030 3390 1273 3452 Cimber
1326 3392 1567 3472 quidem
1614 3391 1870 3463 Tullius,
1921 3393 2202 3455 confessae
2225 3414 2524 3480 Sen.Ep.88.

290 3486 681 3557 ebriositatis,
724 3497 787 3548 et
826 3488 929 3567 qui
958 3498 1181 3570 ¹postea
1218 3509 1322 3570 per
1352 3490 1564 3568 jocum
1598 3488 1796 3549 dicere
1845 3488 2054 3550 solitus
2087 3501 2198 3564 est,

292 3592 311 3618 ⁴
338 3582 549 3662 Egone
574 3582 787 3644 ferrem
815 3604 1175 3664 quenquam,
1194 3585 1297 3665 qui
1324 3586 1525 3645 vinum
1552 3584 1704 3645 ferre
1725 3606 1840 3644 non
1865 3606 2096 3666 possum
2119 3586 2158 3645 !’

375 3686 479 3739 44.
522 3678 680 3740 Sane
726 3700 845 3741 nou
886 3680 1141 3742 fallebat
1183 3681 1480 3741 Caesarem
1516 3692 1836 3742 nocturnos
1877 3692 2200 3743 conventus
2253 3702 2451 3755 Sueten.

294 3777 415 3855 agi,
447 3776 819 3858 Brutumque
858 3788 921 3838 et
952 3778 1225 3838 Cassium
1252 3777 1656 3857 suspectabat,
1685 3798 1905 3857 negans
1946 3789 1963 3816 ⁶
1987 3781 2199 3840 obesos
2223 3765 2351 3815 0²⁸·
2373 3786 2417 3817 ⁰·
2437 3774 2520 3822 ⁷⁵·

268 3872 431 3933 -illos
464 3884 529 3934 et
569 3874 901 3944 comatulos
924 3896 987 3935 se
1014 3874 1265 3944 timere,'
1307 3874 1666 3952 (Dolabella
1691 3885 1754 3935 et
1778 3875 2080 3935 Antonius
2104 3896 2194 3935 re-
2218 3831 2519 3947 :illati-:³5⁸3

292 3990 421 4029 rum
448 3992 733 4032 novarum
762 3972 1300 4052 insimulabantur,)
1344 3982 1362 4009 ‘
1386 3971 1493 4033 sed
1519 3972 1774 4053 pallidos
1793 3972 1900 4033 hos
1923 3982 1987 4033 et
2011 3976 2192 4034 maci·
2220 3962 2406 4013 ΛΜΨ·

292 4065 523 4127 lentos?
606 4068 891 4129 Ceterum
914 4070 1039 4129 sive
1076 4070 1277 4148 inopia
1300 4069 1556 4139 consilii,
1584 4070 1711 4130 sive
1737 4070 1920 4129 nimia
1941 4069 2192 4131 fortunae

292 4184 413 4223 suae
450 4163 693 4237 fiducia,
725 4176 1035 4227 contentus
1058 4166 1255 4227 edicto
1282 4166 1678 4237 admonuisse,
1721 4178 1736 4203 ⁸
1762 4176 1903 4226 nota
1925 4168 2040 4227 sibi
2067 4188 2192 4227 esse
2217 4186 2417 4237 sueton.

394 4380 417 4406 θ
450 4372 735 4438 Labeonem]
770 4376 871 4429 Qui
898 4378 963 4427 ab
986 4384 1205 4444 utroque
1228 4376 1503 4439 dissentire
1526 4390 1579 4427 se
1604 4374 2006 4441 significaverat.
2046 4378 2190 4427 Creu.
