3300 5234
786 482 963 549 5246
1743 502 1815 551 τ.
1861 500 2056 553 mvn

786 654 919 707 Ριιιι.
940 654 1071 706 cos.
1198 650 1301 705 41.
1344 642 1675 727 Nunquam
1703 644 1766 706 in
1789 646 2016 727 majore
2043 642 2306 727 periculo
2331 636 2538 706 Caesai·
2557 642 2694 706 fuit.
2777 640 3018 705 Paucos

1118 738 1381 803 habebat
1420 742 1676 803 milites:
1718 741 1870 802 inter
1909 740 2098 803 infida
2121 740 2448 822 infestaque
2479 743 2704 813 omnia,
2739 740 2886 803 locis
2910 760 3018 822 pa·

1116 856 1245 897 rum
1272 840 1534 912 munitis,
1562 860 1601 899 a
1634 840 1900 900 maxima
1927 836 2312 899 multitudine
2345 839 2818 919 oppugnabatur.
2881 836 3018 898 Ne·-

1114 954 1235 1015 que
1286 936 1611 1007 incondita,
1659 944 1766 996 aut
1809 935 1974 995 rudis
2021 934 2312 997 bellorum
2357 936 2536 997 turba
2579 943 2730 997 erat.
2815 932 3022 994 Millia

788 1052 927 1103 οη»,
960 1030 1276 1101 ega-haud
1320 1032 1519 1093 minus
1556 1032 1770 1111 viginti
1815 1032 2210 1113 sequebantur
2250 1029 2584 1105 Achillam,
2625 1052 2780 1114 pars·
2803 1050 3022 1110 magna

788 1149 974 1201 Luem,
1119 1126 1433 1190 Romanus
1458 1129 1648 1200 miles,
1684 1130 1788 1210 qui
1813 1129 1956 1190 olim
1984 1127 2280 1191 adductus
2297 1150 2338 1191 a
2363 1128 2652 1201 Gabinio,
2677 1130 3019 1209 mixtusque

788 1214 915 1263 Cu.
1118 1227 1453 1298 connubiis,
1506 1246 1697 1288 mores
1735 1224 2184 1287 Alexandrinos
2223 1226 2644 1305 licentiamque
2683 1226 3020 1285 imbiberat.

1120 1321 1249 1384 His
1284 1332 1649 1384 accesserant
1686 1321 1828 1405 Syri
1857 1322 2196 1402 cilicesque
2221 1321 2552 1402 praedones,
2575 1331 2638 1383 et
2655 1321 2938 1403 quicquid
2959 1324 3019 1382 in

1118 1417 1379 1481 finitimis
1405 1420 1724 1501 provinciis
1745 1418 2002 1481 audacia
2026 1418 2432 1479 turbulentum
2453 1418 2668 1479 fuerat.
2711 1418 3020 1479 Praeterea

1114 1516 1236 1580 duo
1262 1518 1453 1579 millia
1478 1520 1748 1599 equitum
1772 1526 1961 1589 erant,
2005 1514 2335 1577 inveterata
2357 1516 2658 1597 AEgyptiis
2680 1515 2855 1576 bellis
2891 1536 3017 1576 ma-

778 1625 899 1677 Dio.
1116 1636 1245 1675 nus.
1328 1614 1457 1676 His
1496 1616 1688 1696 copiis
1718 1614 2006 1675 Achillas
2043 1612 2328 1694 oppidum
2373 1614 2686 1691 ingressus,
2733 1615 3020 1693 majorem

1118 1710 1325 1793 populi
1353 1719 1583 1793 partem
1607 1711 1721 1771 sibi
1761 1713 1963 1771 statim
2003 1710 2380 1789 adjunxerat.
2459 1708 2630 1769 Nam
2656 1718 2870 1789 praeter
2895 1730 3018 1769 mo-

1118 1808 1415 1869 bilitatem
1435 1808 1678 1887 ingenii,
1701 1800 1992 1869 bellor'um
2019 1806 2392 1868 incommoda
2409 1806 2710 1868 Caesarem
2729 1805 3021 1867 advehere

1114 1904 1229 1965 sibi
1258 1905 1742 1985 indignabantur,
1776 1908 1910 1987 jam
1938 1914 2076 1966 ante
2100 1904 2234 1964 irati
2263 1903 2620 1975 numinibuS,
2660 1902 2822 1983 quod
2849 1904 3018 1963 mini-

792 2018 923 2067 Plin.
942 2034 991 2067 v.
1010 2021 1060 2067 o.
1118 2021 1219 2062 mo
1244 2010 1371 2063 tum
1410 2003 1772 2063 incremento
1809 2002 1998 2064 Nilus
2029 2002 2267 2064 solitam
2307 2002 2640 2063 ubertatem
2671 2000 2910 2081 frugum
2947 2018 3020 2061 eo

1120 2118 1278 2159 anno
1302 2099 1802 2181 interpellaverat.

789 2202 909 2257 Dio.
1198 2202 1299 2257 42.
1343 2195 1575 2257 Contra
1606 2197 1726 2259 vim
1754 2196 1962 2257 horum
1990 2194 2198 2257 Caesar
2216 2192 2437 2274 regiam
2461 2203 2526 2255 et
2545 2194 2744 2257 vicina
2767 2192 3022 2255 edificia

1120 2292 1507 2383 tumultuario
1530 2314 1733 2375 opere,
1761 2293 1922 2355 fossa
1947 2292 2226 2373 valloque
2251 2292 2330 2353 ad
2357 2313 2519 2355 mare
2541 2312 2728 2373 usque
2753 2291 3024 2353 deductis

1114 2392 1465 2451 muniverat.
1567 2390 1666 2451 Eo
1709 2390 1947 2451 facilius
1991 2389 2232 2450 defendi
2279 2390 2494 2471 potuit,
2539 2389 2880 2451 cohortibus
2917 2408 3022 2469 per

792 2494 923 2549 eos.
1120 2486 1244 2547 vias
1262 2488 1579 2570 dispositis.
1665 2488 1789 2549 Sed
1815 2487 2026 2549 eodem
2051 2496 2318 2569 tempore
2346 2486 2425 2547 ad
2449 2495 2688 2568 portum
2711 2486 3020 2569 pugnaba-

1116 2593 1237 2657 tur,
1273 2586 1377 2647 ubi
1406 2595 1620 2668 praeter
1642 2585 1882 2648 solitum
1919 2585 2317 2647 Alexandriae
2348 2586 2712 2667 praesidium,
2729 2584 3024 2645 rostratas

1114 2682 1264 2743 duas
1299 2692 1363 2743 et
1382 2684 1619 2762 viginti,
1647 2666 1785 2743 a'liae
1811 2702 1994 2753 naves
2027 2682 2220 2761 longai
2259 2682 2563 2763 AEgyptioe
2587 2682 3023 2763 quinquaginta
3055 2682 3062 2689 ’

1116 2780 1379 2851 stabant,
1416 2782 1716 2841 instructae
1741 2790 2104 2860 ornataeque,
2131 2780 2220 2840 uti
2244 2780 2424 2841 modo
2447 2789 2584 2861 post
2610 2780 2894 2861 Pompeii
2927 2780 3017 2841 fu-

1118 2896 1277 2955 gam,
1304 2878 1401 2937 cui
1426 2886 1596 2939 erant
1618 2878 1848 2939 auxilio
1869 2879 2081 2949 missae,
2109 2878 2424 2938 redierant.
2485 2876 2628 2937 Has
2651 2877 2702 2937 si
2725 2896 3018 2958 occupare

1116 2974 1400 3035 Achillas
1449 2983 1670 3056 posset,
1723 2975 1972 3038 videbat
2011 2974 2391 3036 interclusum
2439 2974 2725 3035 omnibus.
2762 2974 3020 3035 auxiliis

1112 3082 1567 3153 commeatuque
1594 3072 1916 3144 Caesarem,
1951 3074 2076 3134 cito
2097 3072 2360 3133 futurum
2400 3074 2460 3134 in
2499 3080 2815 3153 potestate.
2901 3069 3018 3134 Sed

1117 3188 1251 3247 quae
1291 3167 1370 3228 ad
1395 3170 1856 3251 oppugnandum
1883 3172 2219 3252 AEgyptios‚
2253 3172 2464 3233 eadem
2505 3169 2584 3230 ad
2632 3172 3016 3231 resistendum

1116 3264 1410 3327 incitabat
1436 3267 1739 3329 Caesarem
1771 3289 1976 3341 causa,
2013 3278 2180 3329 tanto
2221 3269 2550 3330 acrioribus
2579 3267 2854 3338 stimulis,
2882 3268 3022 3349 quia

1117 3380 1234 3421 non
1261 3372 1381 3423 tam
1400 3364 1477 3425 de
1501 3364 1774 3437 victoria,
1796 3385 1974 3446 quam
2003 3386 2114 3447 pro
2137 3366 2328 3426 salute
2357 3366 2682 3447 pugnabat.
2739 3364 2827 3424 Et
2839 3365 3018 3442 juva-

1114 3457 1292 3519 batur
1316 3459 1503 3521 classe
1528 3482 1652 3542 qua
1675 3472 1802 3523 erat
1831 3462 2134 3524 advectus.
2219 3461 2464 3524 Idcirco
2495 3462 2755 3524 obtinuit
2789 3460 2872 3521 ad
2913 3480 3018 3521 ex·

1114 3562 1390 3627 nemum,
1416 3566 1481 3617 et
1505 3558 1654 3639 quia
1673 3560 1827 3619 tueri
1855 3566 1980 3619 tam
2005 3560 2203 3640 parvis
2241 3560 2434 3640 copiis
2467 3561 2669 3619 omnia
2709 3558 3018 3639 nequibat,

696 3646 713 3661 ⁸
788 3640 953 3690 Lucan

784 3704 843 3753 Π
956 3674 975 3693 ·
1116 3652 1353 3713 incendi
1380 3654 1667 3735 quicquid
1692 3665 1820 3717 erat
1844 3658 1904 3716 in
1929 3667 2106 3738 portu
2131 3658 2368 3717 navium
2395 3658 2595 3738 jussit.

786 3720 931 3820 οι-ῗζ,
952 3769 1050 3819 Dio
1193 3758 1297 3813 43.
1344 3750 1493 3813 Hac
1533 3752 1798 3826 flamma,
1826 3774 1964 3815 cum
1991 3764 2053 3815 et
2074 3756 2277 3816 vicina
2321 3756 2516 3837 portui
2559 3754 2818 3817 aedificia
2857 3776 3020 3817 com·-

786 3834 881 3963 {3¹¹
884 3805 1068 3950 ιὲοξιέ
1112 3847 1401 3927 prehensa
1435 3860 1649 3923 essent,
1691 3851 1866 3911 simul
1899 3853 2045 3913 arsit
2065 3853 2454 3925 bibliotheca,
2483 3852 2794 3933 elegantia
2817 3874 3018 3934 regum

787 3964 850 4013 do
878 3964 1073 4080 qub
1110 3964 1387 4025 curaeque
1438 3949 1740 4027 egregium
1791 3969 1962 4030 opus.
2067 3948 2274 4011 Millia
2313 3948 2594 4011 librorum
2635 3958 2762 4011 tum
2804 3952 3019 4032 perisse

786 4028 1003 4143 *amm*
956 4063 1033 4143 G·
1036 4095 1087 4146 n
1038 4035 1568 4123 ⁹·quadringenta,
1622 4045 1752 4117 alii,
1807 4048 1910 4126 qui
1949 4046 2293 4127 plurimum,
2341 4048 2720 4129 septingenta
2761 4050 3020 4109 eadunt.

818 4162 961 4209 ,η
984 4168 1038 4207 et
1115 4136 1361 4201 Primus
1383 4149 1448 4201 et
1472 4142 1770 4202 maximus
1793 4146 1926 4224 ejus
1947 4142 2144 4225 operis
2171 4155 2379 4207 auctor
2402 4142 2774 4231 Ptolemaeus
2803 4166 3018 4227 cogno-

787 4223 961 4273 Μἰιιθ
962 4224 1068 4275 ¹¹²²·
1114 4244 1315 4297 mento
1352 4236 1800 4320 Philadelphus
1833 4240 1970 4313 fuit,
2011 4262 2299 4322 perquam
2341 4242 2602 4303 eruditus
2633 4242 2932 4324 princeps,
2959 4250 3024 4303 et

784 4304 1037 4469 Βὶὶι-ὣῆἒ,
940 4355 1040 4405 ‚od
1115 4332 1352 4394 erudito
1377 4342 1544 4415 patre
1574 4345 1786 4397 natus.
1826 4358 1946 4417 quo
1971 4346 2238 4409 curante,
2269 4358 2566 4399 sacrorum
2591 4360 2830 4419 quoque
2853 4338 3018 4401 volu-

784 4416 851 4532 ἶ*
861 4424 1056 4550 Ampe-²1⁶
1119 4432 1341 4493 minum
1388 4434 1819 4516 interpretatio,
1849 4458 1984 4518 qua‘.
2028 4436 2426 4519 Septuaginta
2467 4447 2739 4511 vocatur,
2785 4438 3000 4522 prod*
