3300 5234
813 617 1021 669 mum
1070 619 1220 670 civ.
1265 619 1912 684 supr-ununuruu.

250 766 396 825 muri
422 773 607 845 atque
646 765 875 845 aggeris
908 765 1279 828 altitudinem
1306 766 1682 848 adaequaret:
1714 769 2014 850 portisque
2038 787 2142 848 pa-

251 862 505 935 tefactiS,
553 861 821 924 Romani
863 863 1081 925 milites
1114 865 1174 924 in
1216 865 1499 946 oppidum
1535 867 1756 948 recepti
1783 873 1940 926 sunt.
2023 864 2150 926 Ast

250 961 351 1020 ubi
388 958 597 1020 Cesar
631 962 742 1021 sub
780 968 1013 1022 noctem
1055 961 1268 1022 milites
1310 961 1536 1041 egredi,
1587 971 1904 1044 portasque
1946 960 2148 1022 claudi

242 1057 438 1135 jussit,
466 1077 543 1117 ne
571 1077 754 1138 quam
780 1058 1057 1137 injuriam
1082 1058 1364 1140 oppidani
1390 1060 1764 1141 acciperent3
1811 1060 1902 1121 illi
1927 1061 2004 1122 de
2033 1069 2148 1120 ter-

252 1153 335 1212 tia
352 1152 561 1232 vigilia
584 1155 869 1236 correptis
888 1155 1063 1215 armis
1087 1176 1223 1236 quae
1246 1155 1610 1228 celaverant,
1638 1166 1745 1218 aut
1769 1159 1965 1219 subito
1988 1179 2150 1220 com-

250 1259 545 1329 pararant,
572 1251 925 1312 munitiones
945 1251 1355 1312 Romanorum
1390 1252 1584 1313 adorti
1618 1263 1775 1314 sunt.
1861 1253 1984 1315 Sed
2009 1257 2154 1337 quia

251 1346 453 1408 Caesar
484 1346 765 1408 adversus
787 1369 1020 1409 omnem
1044 1368 1248 1409 casum
1284 1358 1511 1410 mature
1548 1351 1914 1431 providerat,
1946 1354 2152 1414 celeri-

248 1453 334 1504 ter
360 1465 711 1505 concursum
736 1467 773 1506 e
796 1444 1077 1517 castellis,
1118 1455 1182 1506 et
1208 1455 1343 1527 post
1366 1467 1563 1507 acrem
1589 1467 1846 1528 pugnam
1875 1448 2153 1511 Atuatici

250 1540 463 1621 repulsi
512 1551 671 1614 sunt,
718 1551 971 1624 quatuor
1022 1542 1203 1602 ferme
1251 1543 1478 1603 amissis
1514 1545 1818 1604 bominum
1869 1545 2152 1607 millibus.

252 1633 551 1698 Postridie
576 1638 845 1699 refractis
884 1639 1091 1720 portis,
1134 1640 1367 1699 nemine
1409 1639 1568 1700 ultra
1596 1623 1972 1714 defendente,
2008 1663 2151 1726 cap-

250 1743 368 1794 tum
393 1735 681 1817 oppidum
717 1745 897 1818 atque
932 1735 1341 1796 subhastatum
1366 1745 1476 1796 est.
1562 1737 2018 1818 Quinquaginta
2033 1740 2155 1800 tria

122 1901 127 1906 ‚
246 1831 433 1892 millia
486 1834 752 1914 capitum
808 1853 1111 1895 numerum
1156 1843 1411 1895 sectores
1456 1833 1536 1894 ad
1582 1834 1882 1896 Gaesarem
1933 1836 2151 1897 retule-

246 1939 423 2086 “¹¹:33
468 2025 579 2088 Sic
628 2028 789 2088 omni
839 2037 1058 2111 pacata
1098 2027 1307 2090 Gallia
1353 2031 1521 2108 (nam
1565 2031 1676 2089 sub
1722 2029 1880 2098 idem
1926 2039 2156 2112 tempus

246 2121 477 2202 legatus
503 2124 763 2186 cmm-is
788 2126 870 2187 P.
913 2126 1184 2199 Crassus,
1212 2127 1504 2198 Venetos,
1532 2127 1842 2198 Osismios,
1871 2127 2154 2190 curioso·
2207 2173 2214 2186 .

246 2221 399 2295 litas,
426 2231 777 2304 ceterosque
804 2223 881 2284 ad
906 2245 1191 2286 oceanum
1232 2225 1483 2307 populos
1521 2225 1582 2284 in
1621 2224 1904 2286 ditionem
1945 2227 2152 2308 populi

248 2316 509 2379 Romani
555 2320 888 2400 redegerat)
929 2331 1099 2382 tanta
1135 2321 1253 2382 fuit
1291 2321 1547 2383 Caesaris
1585 2320 1798 2401 gloria,
1838 2330 2153 2404 tantusque

245 2419 505 2477 omnium
544 2419 711 2478 circa
748 2427 955 2492 terror,
996 2429 1065 2480 ut
1102 2420 1284 2480 etiam
1322 2438 1359 2479 a
1392 2417 1855 2478 Transrhenanis
1879 2421 2156 2498 gentibus

242 2511 425 2593 legati
442 2513 851 2575 mitterentur:
894 2515 1111 2595 quibus
1128 2515 1232 2574 ille
1258 2515 1336 2575 ad
1363 2515 1590 2575 initium
1616 2515 1840 2574 aestatis
1864 2517 2152 2595 proximae
2261 2525 2269 2528 “

235 2612 411 2689 jussis
439 2631 773 2680 occurrere,
802 2609 1062 2689 legiones
1098 2611 1159 2670 in
1192 2610 1461 2691 hyberna
1484 2610 1758 2681 deduxit,
1784 2611 1908 2690 ipse
1935 2612 1994 2670 in
2021 2611 2152 2672 Ita-

245 2707 381 2767 liam
400 2715 499 2768 est
517 2705 833 2788 profectus.
919 2705 1044 2766 His
1062 2708 1239 2767 rebus
1256 2708 1315 2766 in
1334 2705 1567 2766 Urbem
1586 2707 1902 2778 nuntiatis,
1911 2706 2152 2769 decreto

2294 601 2470 670 5⁰35

243 2813 481 2866 senatus
503 2803 863 2886 supplicatio
896 2805 957 2864 in
996 2802 1125 2864 dies
1148 2803 1507 2884 quindecim,
1534 2803 1613 2863 ob
1640 2789 1732 2864 res
1758 2823 1796 2864 a
1823 2803 2062 2888 Caesare
2089 2805 2150 2866 in
2211 2831 2316 2883 Cic.
2334 2835 2396 2884 de

245 2901 455 2963 Gallia
503 2909 721 2982 gestas,
762 2901 899 2963 fuit.
984 2903 1111 2969 Qui
1156 2921 1433 2962 numerus
1472 2900 1621 2960 nulli
1666 2909 1841 2961 antea
1880 2900 2152 2964 decretus
2174 2897 2480 2952 P¹⁰V·C01¹¹·

242 3019 503 3080 unquam
560 2999 772 3059 fuerat.
872 2997 998 3060 Sed
1059 2997 1439 3058 ferocissimae
1500 2997 1896 3078 maximaeque
1949 3007 2158 3077 gentes
2174 3027 2303 3078 Caes.

243 3105 408 3156 erant
444 3095 714 3169 domitae,
756 3105 823 3156 ut
856 3097 1135 3157 honorem
1174 3103 1493 3156 mereretur
1533 3093 1760 3156 Gaesar.
1843 3095 2152 3158 Praeterea
2175 3115 2307 3166 Plut.
2324 3118 2450 3170 caes.
2497 3143 2504 3150 .

242 3211 473 3252 summa
494 3193 631 3272 ejus
652 3193 863 3254 eratin
889 3201 1095 3255 senatu
1121 3193 1410 3274 potentia,
1438 3190 1599 3272 apud
1634 3191 1922 3273 populum
1958 3191 2151 3266 favor,

242 3299 307 3350 ut
330 3311 427 3352 res
452 3309 565 3372 per
588 3311 651 3350 se
676 3291 1070 3372 amplissimae,
1098 3292 1241 3372 quia
1265 3290 1343 3351 ab
1368 3289 1483 3350 hoc
1508 3297 1678 3348 erant
1715 3297 1916 3368 gestae,
1958 3294 2148 3371 majo-

242 3407 329 3447 res
350 3388 541 3448 etiam
568 3391 965 3469 gratioresque
990 3389 1364 3449 haberentur.
1408 3431 1419 3438 -

2175 2978 2220 3012 e.
2243 2969 2322 3014 11.

316 3491 421 3545 64.
468 3483 703 3545 Eadem
730 3493 935 3546 aestate
950 3504 1071 3565 qua
1094 3485 1223 3546 haec
1248 3493 1385 3544 sunt
1408 3494 1594 3564 gesta,
1624 3485 1756 3544 Ser.
1785 3483 1990 3544 Galba
2012 3504 2146 3545 cum
2196 3495 2401 3548 Caes.de
2415 3496 2483 3552 Β,

242 3579 477 3660 legione
512 3581 868 3643 duodecima
901 3591 965 3642 et
998 3591 1164 3664 parte
1188 3583 1510 3662 equitatus,
1538 3584 1598 3641 in
1626 3579 1994 3652 Nantuates,
2021 3581 2148 3641 Ve-

238 3774 413 3835 factis
464 3774 710 3856 praeliis,
760 3796 971 3857 pacem
1022 3776 1357 3857 petentibus
1399 3775 1587 3838 dedit.
1672 3774 1902 3836 Gentes
1945 3774 2066 3834 illae
2113 3795 2154 3834 a

239 3871 461 3934 finibus
485 3871 900 3953 Allobrogum,
917 3881 979 3933 et
1002 3872 1137 3934 lacu
1166 3873 1449 3944 Lemano,
1476 3882 1539 3934 et
1562 3871 1804 3933 flumine
1826 3871 2151 3943 Rhodano,
2173 3913 2180 3920 -

240 3969 316 4030 αἱ
340 3990 611 4031 summas
634 3969 831 4052 Alpes
854 3970 1170 4041 colebant:
1213 3971 1612 4053 capiebatque
1654 3978 1898 4051 pacatas
1923 3968 2149 4042 Caesar,

241 4087 361 4148 qno
386 4067 584 4128 tutius
618 4087 723 4148 per
747 4067 947 4149 Alpes
984 4067 1293 4148 minusque
1330 4075 1694 4127 sumtuosum
1731 4067 2161 4126 mercatoribus.

238 4165 348 4226 iter
372 4163 561 4236 foret,
589 4184 628 4224 a
650 4165 867 4245 quibus
891 4163 983 4224 illi
1009 4163 1215 4245 populi
1244 4183 1459 4243 magna
1483 4164 1746 4244 portoria
1769 4163 2111 4242 exigebant..

312 4267 419 4322 65.
470 4259 670 4339 Igitur
696 4258 901 4322 Galba
924 4260 999 4321 de
1024 4280 1133 4320 sua
1158 4258 1391 4339 legione
1414 4258 1564 4320 duas
1587 4260 1858 4320 cohortes
1884 4260 1942 4318 in
1972 4256 2148 4320 Nan-

238 4357 533 4429 tuatibus,
568 4365 707 4417 octo
743 4357 803 4416 in
830 4357 965 4419 vico
992 4355 1391 4436 Veragrorum
1420 4351 1728 4416 'Octoduro
1767 4357 1828 4415 in
1873 4353 2152 4436 hybernis

240 4455 541 4516 collocat:
588 4454 833 4516 alteram
878 4453 1080 4535 oppidi
1128 4463 1378 4535 partem,
1428 4473 1565 4514 nam
1615 4461 1843 4514 torrens
1889 4452 2150 4516 medium

2175 3561 2306 3616 Gan.
2333 3577 2418 3611 m.

240 3697 463 3756 ragros,
514 3676 903 3760 Sedunosque
954 3679 1163 3740 missus
1202 3698 1241 3738 a
1283 3678 1545 3752 Gaesare,
1588 3679 1882 3760 prosperis
1921 3678 2151 3757 aliquot
2174 3627 2316 3740 gg:

2335 3641 2407 3675 vr.
2422 3629 2474 3678 8.
