3300 5234
714 540 895 607 5206

716 1286 827 1335 Liv.
849 1286 986 1351 Epic.

716 1352 840 1413 Dio,
860 1366 998 1401 ιιιι.

714 1414 846 1465 vell.
864 1432 923 1466 n.
938 1418 1022 1467 ⁶8.

716 1480 847 1532 Cu.

749 1578 861 1629 Cic.
881 1575 947 1627 ad

716 1642 853 1693 Pam.
874 1658 997 1693 mr.

720 1713 799 1757 17.

714 1771 853 1823 ven.
873 1771 983 1823 Cic.

718 1962 839 2015 Dio.

716 2248 851 2301 vell.

686 2718 692 2726 ν
720 2640 850 2693 Cas.

1695 556 1766 607 'l'-
1817 554 2008 605 mvn

1042 698 1244 761 locum
1282 699 1367 763 P.
1390 698 1676 761 Vatinius
1701 701 1976 770 venisset,
2011 706 2075 758 et
2107 716 2242 758 cum
2267 718 2342 759 eo
2365 696 2530 778 loqui
2548 694 2626 757 T.
2655 695 2960 757 Labienus

1042 798 1335 880 coepisset,
1360 817 1441 859 ex
1482 799 1804 880 improviso
1841 796 1966 857 tela
2003 804 2140 855 sunt
2183 796 2244 855 in
2291 793 2608 855 Vatinium
2648 796 2958 873 conjecta,

1043 912 1180 975 quat
1220 895 1327 955 ille
1367 894 1621 955 militum
1675 895 1852 956 armis
1891 902 2192 975 protectus
2235 892 2466 952 vitavit.
2559 890 2960 952 Centuriones
3019 912 3024 915 ·

1044 990 1276 1071 aliquot
1318 992 1654 1071 militesque
1713 991 1972 1051 Caesaris
2021 990 2316 1051 vulnerati
2371 998 2529 1060 sunt,
2571 987 2956 1049 exclamante

1046 1086 1335 1160 Labieno,
1368 1098 1387 1125 ‘
1419 1086 1694 1149 Desinite
1739 1108 1879 1166 ergo
1923 1087 2002 1147 de
2041 1087 2466 1168 compositione
2511 1086 2698 1167 loqui.
2781 1084 2958 1146 Nam

1044 1186 1237 1257 nobis,
1264 1186 1375 1245 nisi
1394 1184 1583 1247 relato
1610 1185 1870 1245 Coesaris
1893 1184 2113 1266 capite,
2143 1204 2266 1265 pax
2291 1204 2416 1243 esse
2443 1182 2610 1243 nulla
2635 1184 2876 1264 potest!

1124 1287 1227 1345 17.
1271 1281 1494 1342 Iisdem
1518 1282 1880 1363 temporibus
1907 1280 2126 1341 Romae
2151 1280 2244 1340 M.
2264 1280 2490 1341 Coelius
2505 1278 2712 1339 Rufus
2735 1288 2962 1361 praetor

1044 1397 1325 1440 novarum
1340 1400 1531 1441 rerum
1558 1381 1868 1441 materiam
1888 1380 2217 1459 quaerebat‚
2237 1399 2352 1439 non
2369 1397 2568 1440 amore
2583 1378 2958 1459 reipublicae,

1045 1483 1150 1536 aut
1174 1475 1336 1557 quod
1372 1496 1607 1557 aequum
1646 1496 1774 1537 osse
1817 1475 1980 1557 quod
2025 1477 2246 1555 agebat
2284 1474 2573 1547 crederet,
2607 1474 2712 1535 sed
2747 1474 2960 1535 dolore

1043 1580 1227 1655 atque
1260 1572 1664 1653 indignatione
1703 1581 1918 1643 motus,
1953 1572 2110 1633 sicut
2149 1574 2276 1655 ipse
2317 1571 2654 1633 confitetur.
2739 1570 2958 1633 Homo

1042 1679 1171 1732 erat
1205 1671 1447 1751 eloquio
1494 1672 1810 1752 animoque
1859 1668 2108 1731 Curioni
2147 1670 2506 1741 simillimus,
2551 1672 2724 1749 cujus
2765 1669 2958 1729 etiam

1041 1766 1328 1848 pellectus
1352 1768 1640 1839 amicitia,
1667 1777 1732 1827 et
1753 1767 1895 1829 odio
1922 1767 2137 1849 Appii,
2165 1748 2346 1847 quem
2369 1767 2598 1827 sciebat
2622 1766 2682 1826 in
2707 1765 2962 1827 diversis

1044 1864 1309 1944 partibus
1348 1862 1500 1935 fore,
1548 1862 1626 1925 ad
1673 1863 1974 1925 Gaesarem
2013 1862 2188 1924 simul
2232 1883 2311 1923 ex
2359 1864 2532 1923 Urbe
2571 1862 2952 1945 profugerat:

1042 1959 1221 2041 idque
1246 1961 1325 2021 ob
1350 1960 1623 2021 meritum
1648 1970 1966 2040 praeturam
1993 1980 2178 2041 nuper
2201 1968 2335 2021 erat
2363 1968 2734 2021 consecutus.
2821 1957 2953 2019 Sed

1040 2057 1188 2138 quia
1207 2057 1284 2118 C.
1310 2057 1671 2118 Trebonium
1701 2066 2012 2138 praetorem
2032 2058 2324 2117 urbanum
2349 2078 2467 2117 non
2496 2078 2640 2127 sors,
2677 2054 2785 2115 sed
2813 2056 2956 2116 Oae-

1040 2174 1139 2215 sar
1160 2153 1465 2225 effecerat,
1490 2155 1766 2214 omnibus
1799 2155 1860 2213 in
1901 2156 2078 2215 rebus
2121 2154 2210 2214 illi
2252 2173 2315 2213 se
2357 2173 2652 2235 opponere
2679 2154 2956 2213 instituit.

1042 2248 1187 2311 Nisi
1212 2250 1365 2312 forte
1392 2250 1569 2311 homo
1590 2252 2050 2330 ingeniosissime
2070 2266 2349 2331 nequam,
2371 2251 2542 2331 quasi
2559 2250 2956 2311 honestiorem

1040 2348 1195 2408 hanc
1218 2367 1457 2408 causam
1484 2348 1822 2428 praetexuit,
1844 2350 2042 2428 potius
2065 2348 2198 2407 seris
2223 2346 2401 2407 alieni
2428 2346 2862 2425 magnitudine,
2887 2356 2958 2406 ut

1040 2442 1149 2504 alii
1174 2444 1371 2515 multi,
1392 2444 1473 2504 ad
1496 2464 1591 2503 res
1610 2442 1916 2507 novandas
1938 2443 2246 2525 impulsus,
2265 2441 2427 2524 quod
2449 2443 2670 2505 servari
2695 2463 2760 2504 se
2783 2464 2956 2525 pose

1040 2540 1101 2599 in
1126 2542 1249 2601 otio
1274 2540 1649 2621 desperabat.

1122 2644 1223 2697 18.
1269 2635 1533 2709 Idcirco,
1574 2636 1858 2698 tribunali
1895 2639 2082 2717 juxta
2115 2635 2326 2698 sellam
2353 2636 2431 2698 C.
2456 2635 2738 2698 Trebonii
2765 2637 2955 2699 collo-

1040 2740 1199 2805 cato,
1226 2734 1277 2793 si
1300 2734 1436 2814 quis
1462 2731 1843 2816 appellasset,
1871 2734 2102 2795 auxilio
2139 2734 2266 2795 fore
2299 2733 2692 2816 pollicebatur
2717 2734 2956 2795 debito·

1038 2830 1221 2895 ribus.
1304 2828 1431 2891 Sed
1456 2832 1601 2911 quia
1622 2830 1953 2891 Trebonius
1961 2852 1992 2911 J
2001 2840 2151 2891 uxta
2173 2830 2428 2892 Caesaris
2445 2832 2768 2892 constituta
2781 2832 2956 2909 judi-

1040 2927 1243 2999 cabat,
1268 2946 1674 3007 summamque
1703 2928 1762 2986 in
1799 2928 2069 2987 omnibus
2101 2928 2442 3008 aequitatem
2475 2936 2654 3008 atque
2679 2928 2955 2988 modera-

1040 3024 1260 3084 tionem
1286 3023 1635 3097 adhibebat,
1663 3044 1838 3085 nemo
1863 3034 2127 3106 repertus
2150 3034 2242 3085 est
2266 3026 2369 3107 qui
2409 3024 2716 3107 appellare
2745 3024 2954 3086 vellet.

1044 3120 1133 3180 Iis
1156 3123 1315 3181 enim
1340 3122 1705 3202 temporibus
1733 3121 1997 3182 nondum
2033 3130 2202 3182 tanta
2237 3122 2548 3202 quisquam
2589 3130 2720 3183 erat
2755 3122 2954 3204 impu-

1038 3216 1266 3287 dentia,
1294 3226 1361 3277 ut
1384 3236 1521 3277 cum
1545 3238 1607 3277 se
1632 3217 1851 3278 debere
1875 3217 2184 3291 fateretur,
2212 3218 2470 3298 integras
2495 3226 2695 3279 tenere
2723 3238 2952 3300 posses-

1040 3315 1233 3374 siones
1258 3334 1397 3374 suas
1420 3312 1768 3395 postularet.

1115 3396 1223 3471 ¹19.
1267 3410 1509 3471 Idcirco
1545 3409 1795 3483 Coelius,
1835 3432 1910 3471 ne
1948 3410 2094 3471 nihil
2119 3410 2382 3471 effecisse
2407 3410 2726 3483 videretur,
2757 3410 2952 3491 legem

1040 3505 1457 3587 promulgavit,
1486 3516 1505 3544 ‘
1526 3509 1774 3568 sexenni
1817 3507 1938 3580 die,
1979 3509 2108 3568 siue
2145 3507 2356 3579 usuris,
2397 3507 2640 3569 creditae
2681 3512 2956 3589 pecuniae

1039 3602 1441 3664 solverentur?
1524 3602 1605 3664 Id
1650 3622 1888 3686 quoque
1931 3624 2150 3665 vanum
2187 3604 2487 3687 inceptum
2527 3604 2664 3677 fuit,
2705 3606 2954 3667 consule

1044 3699 1303 3762 Servilio
1346 3702 1904 3781 magistratibusque
1941 3700 2182 3783 reliquis
2228 3703 2710 3784 repugnantibus.
2794 3702 2952 3763 Tum

1044 3794 1293 3868 Coelius,
1334 3817 1410 3857 ea
1447 3796 1579 3876 lege
1610 3798 1870 3869 sublata,
1899 3798 2049 3858 duas
2073 3797 2469 3880 promulgavit
2491 3818 2711 3859 novas:
2745 3819 2950 3871 unam,

1042 3914 1167 3973 qua
1190 3894 1488 3955 mercedes
1519 3895 1955 3956 habitationum
1991 3916 2222 3957 annuas
2259 3895 2718 3957 conductoribus
2761 3896 2950 3957 dona-

1040 3988 1186 4060 bat3
1216 3990 1463 4052 alteram
1488 3991 1824 4053 tabularum
1861 4012 2166 4054 novarum.
2251 3992 2415 4054 Haec
2451 4003 2516 4053 et
2549 4002 2720 4072 grata
2753 3995 2952 4054 tenui-

1044 4086 1243 4147 oribus
1288 4099 1478 4161 erant,
1514 4098 1577 4149 et
1610 4090 1690 4149 ab
1729 4090 1964 4151 homine
2006 4089 2226 4151 diserto
2256 4089 2614 4169 jamdudum
2649 4089 2950 4150 seditiosis

1040 4185 1424 4247 concionibus
1458 4187 1776 4248 alienatam
1811 4187 2046 4269 plebem
2073 4189 2506 4249 inveniebant.²
2587 4187 2794 4248 Facile
2838 4188 2946 4266 igi·

1042 4288 1139 4341 tur
1178 4282 1423 4345 inducta
1461 4292 1575 4356 est,
1612 4292 1680 4345 ut
1725 4286 1786 4345 in
1834 4285 1911 4346 C.
1955 4286 2318 4347 Trebonium
2359 4286 2586 4347 faceret
2635 4286 2945 4367 impetum,

1464 4512 1497 4561 2
1530 4511 1657 4563 Erat
1681 4546 1696 4562 .
1713 4544 1730 4564 .
1747 4546 1764 4565 .
1785 4512 2056 4565 inveniebat
2077 4510 2200 4565 edd·
2221 4520 2344 4565 aute
2365 4512 2524 4565 Crev-
