3300 5234
910 563 1119 615 mam
1168 565 1333 616 0111.
1376 563 2024 618 SUPPLBMBNTUM.
2173 531 2186 548 ο
2415 551 2590 620 4959

358 710 603 771 recitare
643 707 901 770 scribam
942 717 1271 771 vetuerunt.
1352 709 1533 784 Tum,
1576 721 1810 794 arrepto
1853 713 2082 786 codice,
2121 711 2262 774 Me-

356 807 533 868 tellus
562 807 817 868 instituit
848 807 1129 868 reeitare:
1177 807 1334 869 Cato
1368 810 1427 869 ci
1461 811 1713 871 extorsit
1749 810 2039 872 codicem.
2125 811 2264 870 Me-

358 905 553 976 tellus,
576 906 685 987 qui
706 906 1037 984 memoriter
1054 905 1300 966 tenebat
1317 907 1499 968 verba
1521 905 1692 988 leg-h,
1719 908 2097 969 nihilominus
2131 929 2266 970 eam

358 1001 579 1084 populo
592 1004 909 1082 satagebat
924 1023 1221 1084 exponere
1237 1024 1256 1073 3
1282 1023 1420 1064 cum
1440 1003 1752 1077 Thermus,
1768 1007 2044 1087 opposita
2063 1025 2263 1076 manu,

358 1103 707 1183 compressit
742 1123 811 1163 os
846 1103 1093 1174 homini,
1138 1103 1374 1184 farique
1412 1104 1731 1184 prohibuit.
1816 1104 1918 1165 Ibi
1955 1103 2263 1176 Metellus,

356 1201 694 1259 constantia
734 1201 989 1260 virorum
1034 1202 1297 1279 cognita,
1333 1202 1502 1281 signo
1540 1203 1686 1262 dato
1721 1203 1949 1262 excivit
1988 1211 2264 1264 armatos.

358 1293 504 1356 Hoc
530 1307 689 1358 metu
722 1317 859 1358 cum
893 1317 1099 1358 omnes
1132 1297 1510 1378 diffugerent,
1551 1299 1712 1360 solus
1747 1300 1906 1360 Cato
1930 1299 2260 1370 resisteret:

356 1395 515 1455 saxis
556 1404 619 1455 et
651 1394 900 1456 fustibus
945 1397 1277 1478 petebatur.
1365 1395 1460 1456 At
1494 1395 1701 1456 consul
1747 1396 2026 1467 Murena,
2075 1417 2263 1477 quan-

356 1511 533 1571 quam
562 1501 873 1552 accusatus
898 1514 936 1553 a
963 1492 1197 1554 Catone
1223 1513 1413 1574 nuper
1434 1493 1649 1566 fuerat,
1691 1495 1938 1554 obtenta
1961 1501 2103 1572 toga
2131 1513 2262 1575 per-

356 1589 519 1660 vicit,
560 1599 632 1650 ut
658 1590 867 1670 jacere
908 1599 1226 1663 cessarent,
1267 1588 1682 1672 Catonemque
1723 1612 1926 1653 secum
1966 1593 2027 1651 in
2072 1592 2262 1672 aedem

356 1685 619 1746 Castoris
642 1686 915 1748 abduxit.

435 1791 536 1844 18.
582 1785 874 1846 Metellus
901 1787 1111 1846 vicisse
1146 1796 1331 1857 ratus,
1374 1796 1437 1848 et
1472 1788 1666 1868 legem
1691 1789 1818 1848 sine
1846 1787 2264 1868 impedimento

354 1879 785 1962 perferendam,
832 1883 1133 1952 discedere
1164 1886 1347 1965 jussit
1390 1895 1667 1955 armatos,
1712 1885 2038 1967 iterumque
2083 1887 2266 1967 coepit
2383 1899 2394 1908 ·

354 1979 601 2040 civiliter
622 2001 761 2042 cum
794 1981 1019 2063 populo
1052 2001 1249 2062 agere.
1334 1981 1459 2043 Sed
1493 1983 1814 2045 adversarii
1851 1985 2049 2044 subito
2075 1983 2262 2044 recol-

354 2074 495 2136 lecti
542 2097 679 2138 cum
728 2097 941 2158 magno
980 2076 1281 2160 plenoque
1333 2077 1569 2140 fiduciae
1620 2080 1880 2141 clamore
1933 2079 2261 2141 affueruntz

355 2173 729 2255 vicissimque
758 2173 999 2236 Metelli
1024 2195 1243 2257 operm,
1278 2177 1477 2236 venire
1505 2176 1644 2238 illos
1671 2177 1919 2258 arreptis
1947 2175 2221 2238 alicunde
2238 2173 2262 2210 ³

352 2273 527 2332 umis
552 2273 690 2343 rati,
724 2271 868 2352 fuga
890 2273 1055 2334 facta
1080 2293 1333 2334 vacuam
1359 2275 1437 2336 ad
1462 2283 1655 2336 rostra
1687 2276 1846 2335 viam
1881 2273 2262 2354 reliquerunt.

354 2368 547 2448 Igitur
598 2369 757 2432 Cato
798 2371 1084 2453 populum
1118 2371 1387 2435 docendo
1432 2371 1956 2453 confirmandoque
1998 2391 2166 2432 suam
2202 2373 2264 2432 in

345 2469 695 2528 sententiam
748 2468 1043 2530 adduxit:
1100 2470 1275 2530 simul
1330 2479 1549 2553 patres,
1608 2490 1747 2530 eum
1809 2471 1890 2530 ob
1945 2469 2262 2530 tumultum

352 2565 545 2625 subito
570 2567 794 2638 vocati,
834 2565 1256 2647 rempublicam
1294 2565 1635 2628 consulibus
1665 2564 1946 2628 tuendam
1984 2567 2260 2647 permise-

351 2671 509 2734 runt,
546 2663 778 2736 addito,
816 2673 833 2700 ⁶
864 2673 931 2725 ut
972 2685 1173 2725 omnes
1208 2667 1315 2745 qui
1354 2663 1583 2726 salvam
1626 2663 1874 2736 vellent,
1923 2662 2260 2746 pestiferam
2284 2685 2402 2736 Dio.
2533 2745 2542 2752 Ι

352 2757 541 2838 legem
566 2763 935 2842 oppugnanti
961 2760 1183 2823 Catoni
1210 2762 1522 2823 adessent?
2283 2783 2417 2834 Plut.

432 2865 532 2918 19.
576 2857 741 2938 Ergo
770 2858 1081 2929 Metellus,
1120 2879 1463 2939 quanquam
1498 2859 1691 2940 ipsum
1735 2858 1991 2921 audacia
2015 2878 2132 2918 non
2155 2855 2262 2918 de-

350 2963 633 3024 seruerat,
672 2955 793 3016 suis
828 2957 1171 3036 perterritis,
1216 2957 1499 3036 imparem
1524 2975 1587 3016 se
1614 2955 1862 3016 factioni
1888 2955 2262 3038 optimatium

350 3051 581 3124 videns,
622 3053 893 3114 celeriter
932 3063 1263 3116 convocata
1297 3054 1603 3124 concione,
1644 3053 1850 3115 multis
1887 3054 2156 3114 invectus
2178 3060 2270 3112 cst

350 3149 410 3206 in
438 3147 756 3221 Catonem,
784 3159 804 3188 ‘
833 3151 1077 3231 ejusque
1102 3170 1167 3210 se
1192 3149 1591 3232 tyrannidem,
1616 3159 1682 3210 et
1705 3150 2030 3232 principum
2058 3157 2266 3210 contra

350 3243 712 3327 Pompeium
750 3249 1219 3328 conjurationem
1246 3249 1450 3328 (cujus
1487 3245 1752 3307 futurum
1779 3248 1858 3307 sit
1881 3255 1948 3307 ut
1971 3245 2138 3307 brevi
2161 3265 2264 3306 eos

347 3329 655 3424 poeniteat)
700 3345 931 3424 fingere’
976 3345 1154 3416 dixit,
1192 3345 1507 3424 statimque
1542 3344 1853 3406 contendit
1893 3345 1954 3404 in
1997 3343 2256 3412 Asiam;

346 3457 485 3499 cum
528 3425 797 3503 tribunus
830 3443 1025 3523 plebis
1064 3451 1239 3513 esset,
1284 3443 1499 3522 quibus
1538 3463 1613 3503 ne
1657 3442 1902 3523 quidem
1942 3443 2257 3503 abnoctare
2282 3449 2400 3500 Dio.

346 3535 587 3599 licebat.
676 3539 933 3601 Senatus
968 3539 1379 3601 molestissimo
1413 3540 1746 3612 tribunatu,
1783 3539 2036 3612 Catonis
2076 3559 2259 3622 opera
2281 3547 2420 3600 Plut.

344 3645 409 3696 et
447 3636 687 3708 virtute,
730 3657 1004 3709 excusso,
1040 3637 1341 3698 decretum
1388 3645 1598 3697 contra
1644 3636 1963 3698 Metellum
2007 3646 2072 3698 et
2119 3637 2256 3698 Cae-
2278 3646 2478 3697 Sueten.

344 3753 533 3794 sarem
584 3733 751 3807 fecit,
802 3755 923 3816 quo
972 3736 1051 3796 ab
1121 3733 1624 3796 administratione
1667 3734 2026 3816 {reipublicae
2079 3737 2256 3798 ambo

344 3833 819 3894 removebantur.

424 3935 527 3990 20.
571 3928 778 3990 Caesar
816 3929 1009 4010 primo
1032 3927 1326 4000 resistens,
1360 3927 1578 3990 deinde
1624 3937 1938 4010 postquam
1974 3931 2089 3989 sibi
2133 3931 2255 3991 vim

342 4037 613 4108 paratam
652 4027 859 4098 sensit,
910 4026 1073 4087 domi
1120 4045 1183 4086 se
1246 4027 1583 4096 continuit:
1644 4025 2003 4108 plebemque
2069 4026 2254 4088 biduo

340 4134 479 4206 post
498 4133 709 4205 sponte
732 4121 1147 4194 confluentem,
1172 4142 1533 4204 operamque
1560 4123 1676 4183 sibi
1703 4123 1762 4182 in
1789 4123 2098 4185 asserenda
2124 4122 2256 4204 dig-

338 4223 529 4282 nitate
548 4220 953 4303 pollicentem,
980 4222 1361 4302 compescuit.
1427 4219 1573 4282 Hoc
1601 4219 1766 4280 facto
1791 4229 1912 4279 tam
1934 4221 2253 4301 propitium

533 4433 565 4480 3
598 4429 705 4480 Pro
726 4429 917 4479 aliunde
941 4429 995 4480 in
1018 4428 1141 4481 edd.
1165 4443 1355 4494 prncc.
1376 4430 1607 4482 correxit
1630 4429 1787 4478 Crev.
1822 4443 1888 4480 ex
1911 4429 2056 4484 piot.
