3300 5234
852 539 1061 599 unm
1110 540 1363 589 oxvn.
1404 539 2060 593 surrnnmsswruua
2398 528 2574 596 ⁵389

336 680 659 743 mendabat
685 679 911 752 Caesar,
944 690 1143 761 petere
1178 702 1293 743 non
1335 689 1558 753 ausus‚¹'
1580 682 1744 763 quod
1782 693 2020 746 oetatem
2047 684 2242 765 legiti-

338 800 497 840 mam
528 800 644 840 non
670 779 965 839 habebat:
989 778 1096 839 sed
1116 779 1369 861 populus
1386 800 1660 841 sensuum
1685 782 1816 860 ejus
1835 802 1950 843 non
1978 783 2241 861 ignarus,

338 879 447 958 ipsi
478 877 837 937 tribunatum
861 876 1170 937 offerebat.
1246 875 1431 936 Unde
1466 876 1641 936 simul
1681 886 1746 937 et
1785 888 1983 959 patres
2015 887 2080 939 et
2104 881 2243 939 An-

335 974 565 1034 tonium
592 982 781 1035 metus
805 974 999 1055 cepit3
1046 981 1255 1033 senatu
1283 975 1726 1054 percussoribus
1749 974 2006 1037 Caesaris
2030 978 2244 1037 timen-

334 1080 417 1143 te,
444 1070 715 1131 Antonio
740 1070 875 1141 sibi,
902 1072 953 1130 si
980 1069 1331 1131 facultatem
1352 1070 1605 1153 adeptus
1630 1071 1974 1133 adolescens
1990 1073 2244 1134 disertus

334 1179 397 1231 et
440 1176 773 1251 praepotens
806 1167 1121 1229 turbandae
1166 1168 1378 1249 plebis,
1426 1178 1533 1230 aut
1576 1178 1854 1250 paternas
1905 1170 2244 1231 inimicitias

334 1266 575 1347 exequi,
598 1273 703 1325 aut
724 1286 885 1336 suas,
898 1266 1193 1347 coepisset.
1279 1265 1472 1345 Igitur
1496 1265 1802 1328 Antonius
1823 1266 2084 1327 edictum
2104 1288 2242 1349 pro-

334 1365 555 1445 posuit,
583 1363 881 1426 Caesarem
906 1371 1111 1423 contra
1136 1362 1297 1442 leges
1330 1372 1607 1445 appetere
1645 1365 1970 1446 quicquam
1994 1373 2240 1425 vetans:

334 1470 417 1532 et,
444 1462 557 1521 nisi
584 1461 895 1541 paruisset,
930 1462 1051 1521 vim
1092 1459 1431 1521 consulatus
1470 1461 1826 1522 minabatur.
1913 1461 2008 1521 Ea
2049 1462 2242 1540 indig-

334 1560 574 1619 natione
615 1557 806 1638 plebis
840 1566 1157 1638 exceptum
1195 1557 1308 1617 hoc
1340 1556 1601 1617 edictum
1639 1558 1914 1627 traditur,
1941 1567 2011 1618 ut
2041 1556 2240 1617 Anto-

332 1657 487 1727 nius,
514 1654 829 1735 desperato
848 1673 1017 1733 posse
1044 1653 1297 1713 obtineri
1329 1652 1491 1734 quod
1516 1653 1782 1725 volebat,
1819 1662 2108 1734 prasente
2135 1655 2240 1713 tri-

336 1755 625 1814 bunorum
649 1770 891 1811 numero
913 1758 1246 1821 contentus,
1273 1749 1483 1811 tollere
1507 1751 1752 1811 comitia
1776 1758 2099 1829 cogeretur.

410 1856 513 1911 29.
554 1847 653 1909 At
677 1846 905 1918 Caesar,
934 1846 1123 1907 missis
1146 1847 1305 1907 circa
1334 1848 1519 1928 patris
1536 1846 1804 1907 colonias
1841 1847 2018 1907 certis
2045 1846 2238 1906 homi-

332 1948 526 2017 nibus,
578 1954 892 2006 veteranos
930 1944 1312 2005 solicitabat:
1364 1943 1641 2023 idemque
1685 1965 1790 2025 per
1831 1944 1986 2005 alios
2021 1944 2242 2025 agebat

330 2042 493 2125 apud
537 2043 821 2123 legiones,
850 2062 985 2121 quae
1022 2061 1157 2101 cum
1203 2040 1470 2102 Antonio
1508 2042 1684 2127 iturae
1729 2042 1790 2101 in
1819 2040 2113 2114 Galliam,
2156 2063 2236 2103 ex

332 2139 700 2201 Macedonia
726 2138 925 2217 ,modo
950 2145 1331 2200 reverterant.
1412 2138 1567 2197 Tum
1607 2158 1866 2219 quoque,
1913 2136 2236 2199 eorundem

326 2238 695 2297 tribunorum
732 2255 939 2317 opera,
982 2233 1276 2316 deponere
1307 2233 1636 2295 simultates
1661 2254 1798 2293 suas
1824 2234 1884 2293 in
1925 2232 2235 2316 Capitolio

326 2335 574 2417 profeoei
594 2342 747 2395 sunt.
830 2332 1281 2413 Nequicquam.
1362 2330 1519 2392 Mox
1544 2331 1704 2391 enim
1729 2329 2036 2391 Antonius
2054 2351 2234 2411 quos-

323 2432 467 2493 dam
516 2450 596 2493 ex
648 2428 926 2511 praesidio
966 2450 1075 2490 suo
1108 2428 1188 2490 ad
1231 2425 1564 2497 consilium'
1583 2429 1909 2489 amicorum
1954 2425 2231 2499 adduxit,

324 2550 477 2611 quos
498 2528 615 2589 sibi
641 2528 897 2591 Caesaris
921 2526 1061 2588 dolo
1098 2545 1307 2609 parare
1352 2524 1593 2586 insidias
1617 2522 1862 2586 diceret.
1949 2522 2118 2585 Nam
2153 2524 2231 2585 ad

324 2629 581 2711 priorem
606 2634 827 2687 metum
851 2625 1079 2685 somnio
1104 2622 1301 2684 factus
1325 2631 1455 2683 erat
1481 2621 1742 2681 timidior
1763 2642 1780 2690 ς
1826 2622 2018 2701 prima
2035 2629 2230 2693 nocte,
2255 2633 2388 2683 Plut.

324 2734 641 2807 postquam
664 2721 1033 2784 reconciliati
1060 2722 1118 2780 in
1148 2719 1453 2801 Capitolio
1476 2719 1736 2791 fuerant,
1763 2717 2035 2778 dextram
2063 2738 2232 2779 suam
2254 2698 2443 2752 ΔΝΜ

322 2820 531 2883 ardere
549 2820 815 2882 fulminis
838 2820 959 2879 ictu
986 2817 1361 2897 imaginatus.
2003 2840 2010 2845 ·

406 2924 507 2979 30.
572 2916 797 2997 Neque
870 2914 1129 2978 Caesaris
1174 2914 1443 2993 accipere
1503 2911 1912 2992 purgationem
1977 2907 2169 2970 voluit
2211 2928 2228 2968 ε
2256 2936 2470 3001 Appi-n.

321 3034 666 3097 quanquam
719 3016 1011 3073 insontem
1077 3008 1417 3070 insimulare
1479 3008 1625 3068 ficto
1685 3006 1930 3067 crimine
2001 3003 2228 3065 videre·
2259 3000 2388 3053 vell.
2407 3008 2555 3055 1150·

318 3124 437 3177 tarr.
520 3109 651 3180 Qui
684 3120 883 3171 tamen
912 3130 985 3171 eo
1010 3118 1275 3189 tempore
1308 3103 1628 3187 prudentes
1650 3112 1716 3164 et
1739 3104 1882 3165 boni
1907 3102 2020 3163 viri
2045 3101 2228 3162 habe-
2287 3115 2396 3165 cic.
2417 3118 2480 3165 ul

320 3212 559 3281 bantur,
601 3217 665 3271 et
701 3206 1025 3271 credebant
1066 3204 1316 3275 factum,
1360 3212 1425 3264 et
1462 3202 1818 3283 probabant.
1897 3199 2038 3259 Jam
2073 3198 2230 3258 enim
2254 3180 2393 3295 ἔξω·
2415 3198 2516 3233 ¹¹¹·

322 3307 697 3369 Octavianus
720 3324 826 3386 per
845 3303 1200 3366 Ciceronem
1220 3299 1301 3360 ad
1318 3306 1587 3359 senatum
1610 3318 1676 3359 se
1703 3296 2008 3379 applicare
2032 3315 2228 3377 coepe-
2286 3281 2400 3360 sen.
2426 3312 2488 3360 de

316 3412 435 3465 rat.
518 3402 645 3465 Sed
674 3421 792 3463 non
830 3400 1119 3461 admissus
1151 3398 1231 3458 ab
1268 3394 1543 3456 Antonio
1575 3393 1740 3456 circa
1775 3391 1932 3454 fores
1963 3395 2094 3472 ejus
2118 3411 2227 3452 ex·
2251 3374 2410 3490 gg?
2434 3394 2472 3426 ¹·
2491 3382 2542 3429 ⁹·

318 3500 684 3585 postulabat,
711 3520 775 3561 se
798 3500 979 3558 immo
996 3494 1361 3578 quotidianis
1384 3492 1613 3553 insidiis
1639 3492 1795 3572 petiz
1839 3490 2144 3571 multaque
2165 3492 2228 3549 in
2283 3506 2484 3555 Sueten.

315 3610 501 3683 caput
528 3618 699 3660 suum
726 3604 1059 3665 execratus,
1094 3594 1145 3654 si
1182 3591 1393 3653 merito
1428 3599 1788 3669 argueretur,
1823 3587 2066 3669 judices
2091 3608 2230 3668 pos-
2251 3567 2490 3681 stussgtffi·

314 3700 517 3761 cebet.
599 3694 757 3757 Cum
804 3690 1069 3775 prodiret
1105 3688 1185 3749 ad
1229 3707 1367 3748 eum
1407 3705 1603 3757 nemo,
1630 3686 1831 3765 ‘ipsos
1867 3704 1930 3743 se
1971 3682 2226 3744 Antonii
2251 3650 2383 3775 5128:
2417 3700 2552 3749 Suet.

315 3797 541 3857 amicos
573 3792 814 3875 judices
846 3790 902 3851 ei
949 3789 1104 3850 ferre
1125 3786 1143 3815 '
1193 3784 1385 3848 dixit:
1453 3790 1750 3863 postremo
1804 3780 2010 3840 abiens
2059 3779 2227 3840 clara
2249 3760 2465 3827 Amma·

312 3916 463 3958 voce
486 3902 737 3956 testatus
758 3899 849 3951 est
872 3886 1181 3970 populum,
1227 3893 1246 3920 ‘
1268 3882 1319 3942 si
1344 3878 1491 3962 quid
1516 3880 1629 3939 sibi
1667 3876 2001 3947 accidisset,
2043 3896 2226 3957 penes

316 3994 651 4056 Antonium
687 3988 849 4051 necis
874 4004 998 4049 suae
1038 4002 1278 4045 causam
1303 3978 1470 4041 fore.'
1552 3974 1983 4037 Acerbioribus
2021 3973 2221 4052 igitur,

378 4200 403 4231 ¹
432 4138 616 4248 cosor,
644 4194 807 4256 petere
826 4202 921 4237 son
940 4181 1107 4247 mun]
1136 4182 1233 4233 Su·
1303 4176 1577 4245 bunstum.
1644 4176 1778 4228 Quae
1801 4172 1992 4238 petitio
2016 4186 2119 4249 non
2147 4172 2224 4221 vi·

310 4274 431 4325 pra,
464 4274 513 4309 c.
550 4262 629 4307 17.
668 4258 783 4320 jam
815 4248 1127 4303 memoravit
1165 4261 1233 4296 ex
1264 4284 1271 4292 .
1301 4244 1459 4293 detur
1481 4242 1548 4293 ab
1570 4242 1692 4304 hac,
1728 4254 1844 4303 qua
1877 4253 1944 4288 ex
1979 4237 2223 4301 Appiano

313 4324 565 4376 Suetonio
622 4318 1002 4371 Freinshemius
1058 4316 1230 4365 Ceo·-
1300 4310 1398 4358 hoc
1421 4310 1541 4359 loco
1554 4316 1816 4371 narratur,
1835 4302 2224 4369 distinguenda.

310 4405 423 4443 rem
462 4388 847 4441 dissimulanter
876 4381 1096 4433 ambisse
1136 4379 1229 4429 tri·
1304 4378 1446 4425 Creo.
