3300 5234
868 610 1075 661 mam
1125 610 1345 661 cxvi.
1384 609 1732 661 sunnam
1745 610 2034 661 aurun.
2389 593 2566 659 5359

242 778 249 783 ·
331 773 463 813 rum
505 772 749 825 memor,
808 762 947 815 acta
991 755 1250 816 Coesaris
1290 756 1509 817 acerba
1552 755 1820 817 oratione
1869 773 1978 835 pro
2042 752 2242 813 rostris
2297 762 2500 815 Sueton.

334 852 655 911 insectatus
702 861 791 911 est
818 870 835 911 t
896 850 1221 931 insignibus
1276 852 1459 913 etiam
1524 853 1900 931 magistratus
1961 850 2238 929 abjectis,
2263 828 2499 959 33:³²⁸?-

333 957 350 984 ⁶
373 968 509 1028 quae
532 948 643 1010 sibi
668 947 815 1009 data
836 958 1046 1009 contra
1081 948 1242 1029 leges
1266 971 1305 1009 a
1328 958 1583 1029 tyranno
1622 951 1639 978 ’
1680 950 1960 1010 dicebat:
2005 956 2239 1009 auctor·-

330 1066 453 1125 que
492 1054 623 1107 erat
654 1047 877 1128 populo
899 1047 1235 1109 deducendi
1278 1047 1571 1108 libertatis
1610 1056 1884 1109 auctores
1924 1067 1965 1107 a
1988 1045 2238 1125 Capito-

330 1140 438 1213 lio,
489 1143 861 1225 praemiisque
914 1153 977 1205 et
1024 1144 1342 1205 honoribus
1400 1144 1673 1206 ornandi.
1757 1144 1979 1224 Neque
2039 1152 2240 1203 tamen

330 1238 529 1300 adbuc
554 1238 715 1303 ultra
740 1241 960 1321 priores
982 1262 1157 1302 voces
1182 1240 1432 1301 incaluit
1457 1240 1797 1313 multitudo,
1821 1240 2076 1301 Caesaris
2099 1246 2246 1299 ante

328 1336 536 1397 oculos
555 1326 898 1399 obversante
926 1339 1121 1399 adhuc
1148 1342 1479 1419 maiestate,
1496 1347 1559 1399 et
1578 1340 1802 1399 incerto
1827 1358 2023 1399 rerum
2047 1338 2237 1401 exitu.

331 1432 456 1494 Sed
486 1436 587 1495 ubi
614 1434 943 1497 Dolabella.
964 1456 1103 1496 cum
1126 1435 1437 1497 lictoribus
1460 1436 1654 1507 affuit,
1681 1445 1860 1516 atque
1883 1435 2044 1495 haud
2067 1434 2236 1495 dissi-

329 1531 502 1593 milia
550 1531 783 1593 locutus
828 1542 939 1605 est,
1000 1542 1017 1569 ⁶
1034 1554 1287 1613 eumque
1328 1534 1590 1595 natalem
1632 1534 1822 1594 Urbis
1860 1531 2198 1594 babendum
2219 1534 2236 1561 ’

327 1629 509 1701 dixit,
552 1639 570 1666 ⁶
594 1650 735 1710 quo,
770 1638 1025 1713 tyranno
1065 1630 1399 1703 interfecto,
1442 1631 1686 1691 libertas
1729 1640 1884 1691 esset
1927 1630 2238 1703 restituta,’

326 1727 520 1787 crevit
554 1726 779 1788 fiducia
818 1729 1049 1799 animis,
1074 1736 1495 1810 coeperuntque
1534 1726 1859 1809 postulare,
1903 1736 1920 1763 ⁶
1943 1728 2030 1787 uti
2053 1727 2238 1789 devo-

324 1832 600 1885 carentur
626 1844 665 1884 a
689 1824 997 1905 Capitolio
1020 1826 1229 1906 patriae
1258 1826 1645 1887 liberatores!
2181 1866 2197 1877 -

410 1926 513 1981 65.
559 1918 769 2001 Atque
812 1921 901 1982 illi
945 1921 1286 1982 Dolabellae
1328 1924 1662 1983 accessione
1704 1921 2049 2001 gaudentes,
2093 1940 2232 1981 nac·

328 2024 535 2097 tosque
570 2018 684 2078 rati
717 2010 933 2079 ducem
956 2017 1257 2090 idoneum,
1286 2002 1461 2099 quem
1488 2019 1764 2079 Antonio
1788 2018 2090 2079 vindicare
2115 2037 2234 2078 cae-

326 2112 465 2173 dem
511 2113 737 2175 volenti
798 2124 1183 2197 opponerent,
1238 2118 1496 2195 juventa
1558 2125 1876 2196 promtum,
1923 2113 2236 2174 nobilitate

326 2208 628 2280 validum3
672 2230 789 2271 non
816 2220 1016 2274 tamen
1040 2210 1473 2277 &scenderunt
1496 2212 1768 2272 universi.
1836 2212 2078 2272 Cassius
2101 2220 2234 2271 tan-

326 2316 455 2367 tum
500 2318 679 2389 atque
723 2308 947 2369 Brutus
985 2312 1273 2389 progressi
1316 2312 1377 2369 in
1420 2310 1766 2371 concionem
1803 2309 1880 2369 de
1920 2309 2082 2369 facto
2129 2329 2235 2369 suo
2291 2319 2402 2371 Cic.
2433 2322 2498 2369 nd

326 2404 513 2464 locuti
538 2414 676 2465 sunt
694 2404 1063 2466 confidenter
1093 2416 1157 2465 et
1190 2404 1525 2485 magnifice,
1552 2416 1760 2465 mutuo
1797 2426 1864 2465 se
1904 2405 2233 2477 laudantes,
2258 2384 2487 2516 ἓξὲξ·
2511 2392 2560 2437 ¹·

324 2510 392 2561 et
422 2503 717 2563 sociorum
752 2502 1145 2584 praedicantes
1172 2524 1451 2584 operam;
1500 2502 1585 2563 D.
1617 2502 1796 2563 Bruti
1821 2504 2104 2573 maxime,
2130 2503 2236 2583 qui

324 2598 683 2677 gladiatores
734 2601 797 2659 in
847 2609 1111 2681 tempore
1164 2601 1527 2681 praebuisset.
1612 2610 1629 2637 ⁶
1658 2600 1896 2661 Debere
1947 2599 2238 2680 populum

328 2694 673 2757 Romanum
714 2696 957 2757 induere
992 2699 1284 2774 majorum
1324 2698 1571 2768 animos,
1597 2698 1702 2778 qui
1739 2696 2062 2775 legitimam
2095 2695 2240 2757 licet

326 2800 679 2873 potestatem
705 2814 907 2872 regum
913 2837 932 2866 ,
958 2794 1134 2853 simul
1170 2793 1249 2854 ad
1288 2792 1662 2874 tyrannidem
1707 2793 1990 2853 inclinare
2029 2793 2238 2873 coepis-

320 2896 439 2960 set,
493 2888 881 2952 aboleverint.
967 2889 1275 2952 Revocari
1336 2899 1609 2971 oportere
1670 2889 1818 2951 Sex.
1877 2890 2236 2970 Pompeium

322 3004 463 3046 cum
491 2988 729 3067 tyranni
756 2986 969 3065 legatis
992 2986 1375 3047 dimicantem
1402 2988 1463 3047 in
1502 2986 1808 3068 Hispania
1823 3006 1842 3055 ς
1890 2987 2237 3048 Caesetium-

324 3102 443 3162 que
478 3093 543 3142 et
576 3082 907 3143 Marullum
942 3085 1229 3163 abrogata
1264 3092 1556 3164 potestate
1580 3083 1829 3144 exules?
1913 3082 2039 3142 His
2060 3082 2238 3143 dictis

308 3178 537 3255 iterum
589 3179 649 3239 in
702 3177 1075 3261 Capitolium
1124 3200 1189 3241 se
1239 3188 1608 3261 receperunt,
1668 3196 1875 3261 parum
1931 3178 2238 3240 credentes
2260 3177 2550 3257 Plan-Brut.

326 3276 607 3357 prasenti
634 3274 1024 3347 multitudini,
1052 3275 1213 3356 quod
1239 3276 1537 3336 honestior
1564 3276 1774 3357 populi
1799 3296 1936 3356 pars
1961 3276 2188 3336 aberat.
2261 3244 2478 3310 Appm‘

406 3378 509 3433 66.
554 3370 875 3433 Hactenus
898 3380 1099 3433 tamen
1138 3382 1267 3433 erat
1290 3371 1645 3453 profectum,
1675 3382 1742 3432 ut
1767 3374 2110 3433 necessariis
2131 3392 2232 3431 eo·-

324 3488 457 3529 rum
498 3468 821 3549 amicisque
862 3466 1285 3529 concederetur
1320 3470 1379 3529 in
1419 3468 1792 3549 Capitolium
1831 3468 2048 3529 aditus.
2133 3469 2233 3528 Ex
2355 3510 2362 3515 -

320 3564 531 3625 borum
570 3584 814 3625 numero
854 3564 1192 3626 consulares
1234 3564 1549 3625 nonnullos
1590 3566 1876 3625 miserunt
1915 3565 1994 3625 ad
2035 3566 2234 3625 Anto·
2292 3571 2403 3624 Cic.
2435 3574 2569 3625 Phil.

322 3662 489 3721 nium
530 3669 593 3721 et
634 3659 953 3741 Lepidum,
990 3660 1095 3741 qui
1132 3660 1449 3741 aliquoties
1490 3661 1725 3721 iverunt
1757 3661 2234 3741 rediveruntque,
2259 3642 2473 3766 {4¹ng

322 3756 515 3817 donec
538 3759 761 3817 certius
784 3756 1029 3837 aliquod
1055 3777 1395 3838 responsum
1420 3758 1800 3819 obtineretur.
1887 3757 2090 3818 Causa
2123 3756 2234 3816 du-

322 3850 555 3914 bitandi
590 3873 669 3912 ex
716 3872 813 3925 eo,
856 3851 1017 3933 quod
1053 3853 1363 3915 vindicare
1406 3862 1653 3914 mortem
1686 3851 1944 3913 Caesaris
1975 3862 2105 3913 erat
2143 3853 2237 3913 his

324 3950 555 4011 animus
576 3970 595 4018 ς
640 3948 743 4009 sed
763 3968 1113 4011 consensum
1134 3958 1398 4022 senatus,
1424 3957 1488 4011 et
1512 3952 1773 4011 maxime
1803 3950 1892 4010 D.
1923 3950 2102 4011 Bruti
2129 3970 2234 4031 po-

322 4046 597 4118 tentiam,
622 4066 759 4106 cum
784 4046 1053 4107 exercitu
1084 4055 1361 4108 veterano
1388 4046 1662 4108 Galliam
1697 4048 2040 4116 obtinentis.
2067 4068 2232 4109 vere-

323 4144 561 4203 bantur.
642 4141 938 4215 Tandem,
953 4142 1099 4204 dum
1114 4164 1322 4205 earum
1346 4144 1652 4225 copiarum
1677 4144 2234 4225 corrumpendarum

321 4239 692 4300 occasionem
722 4240 1222 4314 nanciscerentur,
1240 4240 1419 4323 paulo
1434 4240 1742 4302 liberalius
1763 4240 2234 4320 respondendum

326 4335 461 4407 rati,
484 4346 502 4373 ⁶
524 4335 671 4395 nihil
716 4356 793 4397 ex
833 4338 1069 4418 privato
1113 4336 1254 4399 odio
1296 4339 1397 4418 agi
1431 4338 1668 4419 placere
1690 4338 1706 4364 '
1765 4338 2230 4418 responderunt3

324 4441 342 4468 ⁶
364 4431 471 4493 sed
494 4434 631 4512 cogi
654 4442 947 4506 senatum,
976 4444 1038 4495 et
1067 4434 1145 4495 ad
1174 4456 1311 4496 eum
1352 4435 1553 4496 referri
1588 4436 1666 4496 de
1705 4436 2112 4516 prasentibns,
2143 4434 2234 4502 id·

324 4550 439 4609 que
464 4529 753 4603 obtinere,
780 4531 942 4611 quod
970 4539 1165 4613 patres
1189 4532 1513 4614 conscripti
1531 4532 1935 4595 censuissent?
2061 4568 2080 4583 s
