3300 5234
860 597 1065 646 maai
1114 596 1327 645 cxiv,
1372 595 1714 646 surr-nnn
1729 596 2022 648 aurun.
2371 573 2552 644 528⁷

296 727 693 800 arcessendos
717 749 1099 801 commeatus.
1184 739 1355 800 Huic
1378 739 1583 800 decem
1617 739 1811 818 longae
1848 758 2028 800 naves
2051 740 2220 800 attri-

294 837 495 908 butae,
518 835 984 916 mandatumque
1010 845 1101 909 ut,
1127 838 1469 919 priusquam
1504 837 1566 897 in
1600 834 1868 898 Siciliam
1895 836 2218 915 trajiceret,

292 929 377 990 ad
426 931 873 1013 conquirendas·
916 933 1179 1013 reliquas
1222 953 1425 1006 naves,
1478 954 1614 1014 quae
1665 934 2104 1004 deerraverunt,
2157 943 2220 993 et

290 1029 595 1090 tuendum
616 1031 695 1090 ab
725 1031 991 1092 hostibus
1014 1050 1199 1103 mare,
1225 1033 1564 1092 circumiret
1588 1029 1884 1092 Africam.
1971 1030 2049 1091 C.
2077 1030 2216 1092 Sal-

290 1126 517 1186 lustius
558 1135 774 1206 praetor
817 1147 954 1188 cum
996 1137 1163 1209 parte
1210 1129 1450 1188 navium
1496 1127 1812 1187 Cercinam
1867 1128 1952 1188 ire
1986 1129 2214 1206 jussus,

288 1243 439 1303 quae
466 1225 551 1284 ab
586 1225 853 1285 hostibus
878 1227 1211 1297 tenebatur,
1239 1227 1344 1285 ubi
1370 1245 1585 1305 magna
1608 1226 1918 1293 dicebatur
1935 1245 2062 1285 esse
2089 1225 2212 1285 fru-

288 1321 489 1380 menti
515 1323 713 1401 copia.
799 1321 963 1383 Haec
998 1323 1083 1382 ita
1108 1321 1570 1403 imperabantur,
1596 1331 1667 1381 ut
1689 1321 2064 1402 suscipienda
2089 1323 2212 1382 sine

286 1416 668 1489 conditione,
714 1427 895 1499 atque
938 1419 1294 1499 exequenda
1337 1419 1461 1478 sine
1512 1439 1679 1478 mora
1728 1427 1959 1488 essent:
2019 1439 2211 1500 neque

288 1512 429 1572 ulla
454 1515 786 1586 excusatio,
815 1513 945 1574 fieri
971 1524 1169 1596 posset
1192 1535 1402 1585 necne,
1428 1515 1843 1595 recipiebatur.

370 1617 444 1670 6.
491 1609 663 1670 Inter
688 1612 818 1672 haec
844 1620 1143 1694 occupata
1174 1611 1571 1693 praesidioque
1606 1631 1716 1672 sex
1755 1611 2082 1672 cohortium
2109 1611 2208 1674 fir·
2315 1641 2322 1648 ·

284 1717 463 1766 mata
491 1705 687 1790 Lepti,
726 1709 1061 1791 Ruspinam
1102 1729 1415 1789 reg-resana,
1461 1709 1816 1769 frumentum
1851 1710 1908 1767 in
1939 1709 2092 1788 agris
2117 1729 2207 1770 re-

284 1812 556 1883 pertum,
603 1823 995 1886 magnamque
1038 1806 1327 1884 lignorum
1371 1805 1491 1866 vim
1530 1807 1890 1886 comportari
1930 1805 1992 1865 in
2035 1807 2206 1886 oppi-

283 1899 441 1960 dum
466 1901 668 1981 jubet.
752 1901 894 1984 Ipse
929 1903 1006 1962 de
1040 1905 1163 1963 suis
1196 1903 1299 1982 qui
1336 1902 1597 1962 nondum
1623 1901 1976 1982 appulerant
2009 1903 2206 1962 solici-

282 2005 409 2069 tus,
440 2018 581 2058 cum
606 2009 830 2080 septem
857 2001 1173 2062 admodum
1198 2001 1537 2061 cohortibus
1560 2003 1720 2060 circa
1737 2021 2042 2082 vesperam
2063 2023 2200 2062 con·

279 2093 525 2154 scendit
548 2115 764 2166 naves3
808 2117 1025 2176 magno
1064 2117 1199 2158 cum
1235 2107 1397 2157 metu
1438 2117 1665 2167 eorum,
1694 2099 1957 2178 quicum
1997 2101 2204 2180 paucis
2227 2104 2362 2157 Plut.

280 2192 587 2252 tironibus
610 2201 817 2253 contra
845 2195 1251 2254 incredibilem
1278 2193 1716 2256 multitudinem
1743 2195 1997 2255 hostium
2013 2217 2201 2277 expo·
2228 2171 2500 2286 B‘J'fffssf‘*

278 2287 409 2360 siti,
440 2288 523 2348 ab
560 2289 909 2370 imperatore
936 2290 1439 2372 relinquebantur.
1524 2289 1647 2351 Sed
1681 2290 1921 2351 fortuna
1946 2291 2202 2352 Caesaris

276 2384 385 2444 hic
410 2405 659 2465 quoque
684 2387 945 2467 providit
968 2389 1256 2449 celeriter.
1341 2387 1519 2460 Cum,
1548 2409 1668 2448 una
1695 2397 1867 2448 nocte
1893 2397 2202 2449 consumta

276 2482 341 2541 in
378 2484 661 2557 navibus,
679 2488 813 2564 jam
853 2485 990 2546 luce
1023 2487 1215 2567 prima
1253 2487 1652 2547 constituisset
1690 2485 1828 2546 vela
1855 2485 2075 2557 facere,
2103 2507 2197 2546 re·

276 2588 465 2658 pente
504 2581 781 2661 apparuit
812 2581 1021 2642 classis
1059 2603 1239 2663 quam
1281 2582 1603 2662 quaerebat.
1688 2581 1908 2663 Itaque
1943 2581 2198 2642 militum

274 2678 675 2758 equitumque
698 2698 817 2738 non
848 2680 1281 2740 contemnendo
1308 2699 1551 2740 numero
1576 2681 1828 2751 auctior,
1858 2678 2196 2762 Ruspinam

274 2773 556 2853 protinus
580 2773 774 2834 rediit.
858 2774 1015 2836 Inde
1054 2795 1191 2836 cum
1224 2777 1566 2837 cohortibus
1600 2777 1842 2855 triginta
1876 2776 2190 2857 expeditis,

274 2878 341 2928 et
388 2871 699 2950 equitibus
724 2873 1193 2954 quadringentis,
1236 2875 1790 2954 sagittariorumque
1829 2894 1946 2933 non
1983 2894 2201 2953 magna

275 2985 467 3026 manu
511 2966 934 3029 frumentatum
986 2978 1077 3030 est
1125 2970 1445 3052 profectus,
1500 2969 1692 3052 pridie
1747 2968 1964 3030 Nonas
2005 2969 2048 3030 J
2051 2991 2194 3030 anu-

278 3081 463 3124 anas.

360 3165 425 3223 ⁷.
472 3157 577 3220 Ibi
604 3179 669 3221 se
696 3159 997 3222 Labienus
1020 3171 1085 3222 et
1106 3161 1225 3222 duo
1246 3162 1490 3222 Pacidii
1514 3183 1652 3222 cum
1673 3161 2024 3224 Maurorum
2051 3161 2192 3222 Nu-

276 3257 699 3338 midarumque
721 3261 990 3340 equitum
1030 3269 1167 3322 octo
1203 3259 1482 3332 millibus,
1511 3259 1712 3320 Gallis
1756 3259 2192 3340 Germanisque

274 3353 449 3414 mille
476 3357 797 3426 sexcentis,
824 3367 889 3443 et
927 3357 1245 3436 sagittariis
1278 3376 1351 3417 ac
1393 3355 1794 3417 funditoribus
1834 3357 2192 3437 hippotoxo·

274 3450 477 3532 tisque
503 3450 907 3533 compluribus
926 3454 1243 3532 objiciunt.
1330 3451 1521 3514 Struit
1541 3454 1730 3514 aciem
1757 3453 1996 3514 Caesar:
2039 3471 2192 3534 prae-

274 3549 475 3608 missis
495 3549 837 3628 sagittariis,
854 3551 1187 3631 equitatum
1209 3551 1271 3610 in
1296 3551 1573 3612 cornibus
1596 3549 1879 3611 collocat.
1939 3549 2062 3610 Sed
2090 3549 2192 3610 ille

273 3646 357 3704 ab
404 3645 879 3707 adversariorum
912 3646 1295 3708 multitudine
1340 3647 1632 3729 repulsus,
1673 3647 1958 3709 continuo
1991 3647 2188 3708 cedit:
2215 3649 2334 3700 Dio.

271 3740 589 3820 legionarii
621 3742 1011 3804 circumventi
1051 3745 1113 3804 in
1154 3745 1359 3804 orbem
1395 3764 1656 3826 pugnare
1693 3752 2001 3822 coguntur.
2087 3743 2190 3804 Ibi

272 3839 603 3912 Labienus,
621 3839 798 3919 galea
820 3840 1113 3915 detracta,
1131 3849 1271 3902 snos
1296 3842 1538 3913 hortari,
1566 3838 1872 3922 appellare
1895 3841 2187 3902 Caesaria-
2245 3844 2394 3895 Auct-
2415 3846 2478 3896 de

268 3955 422 4006 nos3
484 3935 676 3998 donec
724 3938 941 4020 petitus
996 3959 1035 4000 a
1080 3939 1267 3999 milite
1319 3940 1672 4010 decumano,
1725 3959 1881 4021 equo
1931 3927 2188 4017 graviter
2210 3910 2413 4000 133Atr.

272 4033 512 4105 saucio,
548 4043 933 4096 averteretur.
1748 4115 1754 4120 ¹

354 4139 417 4191 8.
464 4130 719 4192 Interim
741 4130 945 4193 Caesar
970 4133 1241 4194 omnibus
1259 4133 1485 4193 viribus
1510 4134 1775 4212 equitum
1802 4130 2184 4214 peditumque
2239 4137 2460 4203 Appian.

265 4229 584 4300 connixus,
637 4229 889 4290 divisam
939 4229 1192 4292 hostium
1236 4247 1515 4291 coronam
1560 4229 1641 4288 ab
1682 4239 1934 4309 utroque
1992 4227 2180 4288 latere
2207 4203 2400 4318 effug·
2413 4269 2478 4319 do

267 4325 519 4405 disjicit,
562 4345 755 4406 neque
779 4327 955 4406 longe
981 4327 1298 4400 insecutus,
1326 4327 1403 4388 ad
1444 4349 1553 4388 sua
1596 4347 1661 4387 se
1701 4326 1978 4409 prmidia
2013 4325 2178 4386 insti·
2205 4333 2268 4384 B.
2292 4334 2401 4386 Ast.

268 4423 389 4482 tuit
422 4422 703 4504 recipere.
788 4421 915 4484 Sed
956 4424 1237 4486 Petreius
1276 4434 1342 4486 et
1377 4424 1493 4485 Cn.
1521 4424 1676 4484 Piso
1716 4443 1855 4485 cum
1881 4422 2181 4506 equitibus

272 4518 562 4582 Numidis
586 4519 750 4582 mille
776 4529 1017 4584 centum
1042 4521 1273 4598 electis,
1318 4521 1702 4605 peditumque
1727 4530 1792 4584 et
1815 4521 1962 4585 levis
1985 4541 2177 4582 arma·
