3300 5234
748 579 925 644 5056
1677 583 1693 603 ·
1717 589 1786 662 '¹'.·
1835 588 2027 638 mvn

1078 745 1258 807 retur,
1284 742 1347 796 et
1370 734 1658 816 populum
1689 731 1768 794 ad
1795 729 2190 815 proestandam
2217 730 2330 792 sibi
2355 728 2678 791 secundnm
2707 749 2896 792 mores
2915 739 2978 790 et

1077 832 1237 913 leges
1260 831 1623 893 audientiam
1646 829 2018 891 inclamaret.

1154 937 1255 991 19.
1302 927 1381 989 Id
1422 947 1559 988 cum
1600 927 1820 1008 saepius
1873 933 2030 986 esset
2071 925 2320 995 factum,
2366 931 2622 983 aestuans
2661 921 2874 982 dolore
2915 931 2982 983 et

1071 1047 1217 1089 cura
1239 1025 1569 1086 Trebonius
1594 1023 1816 1085 abduci
1847 1043 1986 1084 eum
2023 1023 2084 1082 in
2109 1041 2408 1083 carcerem
2432 1020 2634 1100 jussit.
2719 1018 2842 1080 Sed
2867 1039 2978 1100 po·-

1072 1124 1247 1206 pulus
1286 1124 1664 1204 sequebatur,
1711 1141 1997 1202 auresque
2045 1120 2350 1202 praebebat
2401 1117 2554 1177 inter
2597 1115 2854 1178 eundum
2897 1114 2976 1176 de

1072 1220 1217 1300 legis
1241 1219 1629 1282 incommodis
1650 1216 1982 1278 disserenti.
2055 1215 2238 1276 Unde
2265 1224 2456 1275 metus
2485 1215 2724 1274 incessit
2749 1212 2978 1272 Trebo-

1072 1318 1257 1390 nium,
1284 1319 1641 1397 missumque
1671 1315 1800 1376 fieri
1827 1315 2121 1376 Catonem
2152 1314 2356 1393 jussit.
2445 1310 2549 1370 Sic
2589 1331 2666 1372 ea
2701 1310 2833 1372 dies
2865 1330 2975 1370 ex-

1070 1423 1232 1475 emta
1255 1423 1367 1487 est,
1408 1421 1477 1474 ut
1516 1413 1734 1473 nemini
1761 1412 2126 1473 tribunorum
2151 1411 2335 1472 verba
2361 1409 2440 1470 ad
2467 1408 2754 1491 populum
2779 1407 2976 1470 faeere

946 1497 953 1504 ’
1068 1521 1331 1571 vacaret.
1416 1510 1750 1571 obtinebat
1784 1509 1966 1580 enim,
1987 1518 2056 1570 ut
2083 1507 2161 1568 de
2198 1507 2430 1586 legibus
2469 1506 2688 1588 privati
2723 1505 2978 1587 primum

1068 1609 1172 1688 qui
1209 1608 1457 1680 vellent,
1502 1607 1720 1667 deinde
1765 1608 2142 1686 magistratus
2184 1604 2473 1674 dicerent,
2521 1623 2619 1673 ne,
2656 1602 2706 1662 si
2756 1603 2980 1684 priores

1068 1704 1129 1764 hi
1185 1715 1381 1766 essent
1434 1703 1648 1775 auditi,
1721 1705 2135 1765 auctoritatem
2192 1703 2404 1763 borum
2477 1701 2698 1782 privati
2761 1719 2976 1780 seque-

1067 1810 1292 1861 rentur.

1146 1904 1247 1958 20.
1293 1895 1529 1957 Idcirco
1556 1895 1639 1956 P.
1671 1894 1913 1968 Gallus,
1957 1915 2030 1955 ne
2066 1893 2347 1975 postridie
2375 1893 2506 1953 foro
2529 1893 2976 1965 excluderetur,

1070 1995 1129 2054 in
1172 1995 1341 2054 curia
1398 2001 1742 2075 pernoctare
1781 1993 2012 2066 statuit,
2065 1992 2423 2052 tutissimum
2465 1991 2624 2051 hunc
2669 2000 2974 2072 receptum

1065 2100 1227 2151 ratus
1250 2100 1313 2151 et
1344 2089 1882 2150 commodissimum
1907 2109 2026 2149 una
2051 2109 2186 2149 cum
2213 2089 2347 2149 luce
2383 2090 2442 2148 in
2469 2089 2807 2149 concionem
2835 2109 2973 2170 pro-

1064 2189 1281 2251 dituro.
1364 2189 1489 2249 Sed
1531 2188 1606 2249 G.
1648 2189 2005 2260 Trebonius,
2043 2189 2316 2248 omnibus
2353 2186 2608 2247 occlusis
2641 2187 2822 2248 curiae
2863 2189 2972 2266 ja-

1065 2287 1216 2358 nuis,
1240 2284 1634 2367 praesidioque
1657 2293 2016 2346 armatorum
2047 2285 2346 2366 opposito,
2381 2292 2570 2344 totam
2611 2284 2696 2344 ibi
2735 2291 2972 2345 noctem

1062 2391 1125 2442 et
1174 2382 1472 2463 sequentis
1522 2381 1642 2442 diei
1697 2391 1924 2463 partem
1979 2400 2258 2460 magnam
2317 2381 2570 2440 otiosum
2626 2399 2974 2442 consumere

1060 2480 1293 2558 coegit:
1338 2479 1591 2539 Ateium
1626 2499 1766 2539 cum
1793 2477 2028 2538 Catone
2054 2487 2116 2537 et
2145 2477 2414 2538 Favonio
2439 2485 2502 2536 et
2525 2476 2732 2537 horum
2761 2478 2976 2537 amicis

1061 2575 1183 2637 alia
1202 2575 1558 2646 multitudo,'
1567 2585 1986 2657 praeoccupato
2009 2573 2086 2634 de
2112 2573 2304 2634 multa
2321 2581 2496 2634 nocte
2514 2573 2671 2644 loco,
2689 2574 2974 2635 concione

1060 2672 1503 2753 prohibuerunt.
1608 2671 1720 2732 Illi
1775 2681 1974 2732 tamen
2027 2670 2228 2754 omnia
2278 2671 2506 2740 conati,
2557 2669 2858 2731 Favonius
2909 2679 2976 2730 et

1062 2767 1347 2842 Ninnius,
1403 2769 1559 2830 clm
1606 2777 1840 2850 reperto
1885 2767 2078 2840 editu,
2123 2765 2282 2827 Cato
2343 2775 2406 2827 et
2456 2767 2678 2828 Ateius
2718 2767 2972 2829 aliorum

1058 2866 1317 2927 humeris
1340 2867 1583 2937 sublati,
1604 2867 2118 2927 obnuntiaverunt.
2203 2865 2486 2926 Ceterum
2511 2867 2602 2926 vis
2639 2866 2974 2928 adversari-

1058 2983 1225 3024 orum
1274 2964 1529 3024 validior
1572 2963 1709 3024 fuit.
1795 2963 2125 3024 Summotis
2164 2964 2256 3024 his
2307 2984 2347 3024 a
2383 2963 2535 3036 foro,
2576 2963 2970 3046 pulsatisque,

1058 3069 1239 3140 atque
1276 3063 1457 3122 etiam
1500 3060 1825 3121 interfectis
1848 3059 2100 3121 aliorum
2141 3060 2301 3122 haud
2339 3063 2568 3142 paucis,
2605 3081 2744 3122 cum
2783 3064 2968 3126 etiam

732 3151 1033 3200 Planctus.
1060 3155 1130 3216 L.
1154 3157 1385 3219 Annali
1400 3159 1667 3218 'senatori
1695 3157 1944 3218 Crassus
1965 3159 2090 3240 ipse
2117 3159 2330 3220 faciem
2361 3180 2560 3241 pugno
2576 3160 2970 3232 contudisset,

731 3215 925 3330 ἳξιῗίω
1057 3274 1161 3335 per
1188 3256 1307 3314 vim
1334 3255 1567 3336 perlata
1588 3254 1690 3316 lex
1713 3265 1824 3318 est.

1134 3357 1237 3412 21.
1280 3352 1441 3412 Ecce
1468 3362 1668 3413 autem
1697 3352 1920 3434 populo
1951 3355 2086 3432 jam
2123 3351 2441 3434 incipiente
2475 3353 2690 3431 dilabi,
2719 3360 2970 3420 recurrit

1052 3449 1114 3506 in
1154 3447 1347 3508 forum
1393 3450 1637 3521 Ateius,
1683 3441 1976 3528 collegam
2015 3449 2264 3509 Gallum
2304 3470 2481 3510 mann
2519 3451 2762 3526 ducens,
2799 3456 2968 3536 quie

1051 3546 1219 3606 curia
1246 3547 1307 3606 in
1335 3548 1684 3608 concionem
1711 3555 1978 3618 venerat,
2005 3547 2208 3627 ibique
2233 3547 2430 3607 fuerat
2448 3548 2806 3612 vnlneratus.
2885 3551 2966 3612 Id

1050 3643 1365 3704 ostendens
1390 3643 1754 3705 multitudini
1780 3644 2022 3715 Ateius,
2049 3645 2250 3725 reique
2268 3645 2718 3708 convenientem
2743 3651 2964 3710 oratio—

1050 3759 1187 3800 nem
1230 3761 1415 3812 orsus,
1464 3761 1818 3822 magnopere
1883 3740 2118 3822 plebem
2169 3743 2618 3812 commovebat:
2687 3765 2846 3818 cum,
2899 3769 2964 3808 re

1050 3838 1341 3910 nuntiata,
1382 3838 1677 3910 consules,
1721 3858 1848 3902 nec.
1875 3839 2034 3899 enim
2075 3839 2279 3920 procul
2321 3839 2460 3899 inde
2503 3860 2721 3920 magna
2759 3844 2964 3925 stipati

726 4005 943 4123 233⁸»-
1046 3935 2962 4115 13:32,“23:¹5’d‘sspsssszssss'gffsszxalffi‘mmm

1050 4127 1434 4210 prorogandis
1458 4129 1830 4209 pertulerunt
1854 4130 2063 4208 legem.
2148 4128 2250 4190 Ibi
2290 4150 2526 4210 quoque
2569 4144 2960 4214 repugnatum

720 4237 853 4290 Piut.
875 4237 987 4289 Cat.
1050 4235 1141 4284 est
1158 4227 1237 4284 ab
1258 4225 1499 4285 iisdem:
1540 4235 1604 4284 et
1630 4225 1792 4286 Cato
1819 4247 1932 4286 non
1949 4229 2082 4306 jam
2105 4225 2182 4286 ad
2203 4227 2509 4308 populum,
2535 4229 2639 4289 sed
2667 4229 2745 4290 ad
2769 4231 2958 4292 Pom·

1052 4322 1252 4402 peium
1276 4341 1541 4395 sermone
1574 4342 1882 4393 converso,
1913 4331 1930 4361 ‘
1961 4324 2150 4404 ipsum
2189 4345 2306 4384 non
2341 4324 2666 4410 intelligere
2705 4348 2840 4408 quae
2865 4329 2958 4390 fa-

1050 4419 1249 4480 ceret’
1294 4419 1656 4480 testabatur:
1703 4429 1718 4456 ‘
1753 4439 1906 4481 nunc
1947 4421 2105 4481 enim
2145 4441 2260 4482 non
2300 4422 2360 4482 in
2404 4431 2728 4489 ceterorum
2771 4429 2960 4508 magis
