3300 5234
824 578 1033 629 mam
1084 577 1248 627 exn.
1294 576 1951 629 supensusnruu.
2333 561 2508 629 5207

278 742 563 806 eumque,
616 722 943 785 vulneratis
999 721 1320 794 nonnullis,
1365 722 1443 785 de
1496 722 1780 785 tribunali
1827 722 2190 784 deturbaret.

282 822 411 883 Sed
436 824 491 883 is
512 821 777 904 quidem,
803 829 1033 883 mutata
1055 830 1241 893 veste,
1268 820 1444 900 fugit.
2211 834 2333 885 Dio.

361 926 467 981 20.
511 920 607 983 At
632 918 919 979 Servilius
940 918 1170 990 consul,
1200 917 1511 980 advocatis
1532 939 1613 979 ex
1640 918 1848 979 itinere
1877 916 2189 987 militibus,

278 1016 387 1094 qui
429 1016 491 1075 in
537 1016 807 1077 Galliam
847 1014 1317 1087 destinabantur,
1366 1015 1758 1097 praesidioque
1795 1016 1914 1077 hoc
1962 1015 2192 1076 curiam

278 1113 574 1183 muniens,
598 1112 675 1172 de
700 1112 794 1173 his
816 1114 989 1173 rebus
1027 1112 1107 1173 ad
1142 1121 1411 1173 senatum
1446 1112 1670 1174 retulit.
1753 1112 1976 1173 Patres
2000 1112 2190 1173 remo-
2213 1114 2343 1167 Cu·

275 1207 541 1268 vendum
576 1229 615 1269 a
636 1208 945 1289 republica
970 1207 1223 1269 Coelium
1249 1215 1618 1268 censuerunt.
1700 1206 1929 1269 Tamen
1955 1214 2194 1289 propter
2211 1212 2334 1265 Dio.

275 1303 756 1366 intercessionem
802 1304 1168 1366 tribunitiam
1210 1303 1782 1365 senatusconsultum
1831 1323 1952 1364 non
1995 1304 2190 1384 potuit

278 1398 453 1461 fieri:
500 1402 822 1461 auctoritas
868 1402 1195 1482 perscripta
1238 1408 1347 1461 est.
1432 1396 1558 1461 Sed
1604 1400 1909 1461 consulem
1953 1399 2192 1461 tabulas

274 1495 482 1577 legum
520 1498 1027 1579 promulgaturum
1056 1497 1265 1557 tollere
1290 1516 1650 1577 aggressum,
1683 1496 1912 1557 Coelius
1935 1516 2038 1577 per
2062 1497 2186 1557 vim

275 1601 340 1652 et
366 1593 717 1655 seditionem
743 1595 980 1675 repulit.
1064 1594 1295 1655 Iterum
1314 1614 1455 1673 ergo
1478 1602 1724 1655 coactus
1741 1592 2010 1653 adhibito
2033 1612 2188 1673 prae-

274 1689 433 1751 sidio
454 1700 691 1752 senatus
716 1702 733 1729 ⁸
754 1691 957 1753 videre
982 1691 1289 1753 consulem
1306 1692 1324 1719 '
1338 1692 1541 1771 jussit,
1570 1699 1590 1727 ‘
1620 1710 1698 1751 ne
1723 1689 1869 1772 quid
1896 1688 2187 1770 respubli-

276 1807 355 1847 ca
378 1786 719 1849 detrimenti
754 1790 1096 1869 pateretur)
1180 1787 1329 1850 Hac
1364 1796 1613 1869 accepta
1645 1794 1936 1869 potestate
1977 1784 2186 1847 sellam
2243 1786 2452 1845 Quintil.

279 1884 465 1945 Coelii
506 1886 769 1947 curulem
803 1885 997 1965 fregit.
1079 1885 1178 1947 At
1203 1886 1303 1945 ille
1331 1886 1528 1967 posuit
1554 1885 1804 1946 alteram
1831 1884 1976 1945 loris
1997 1886 2189 1945 inten·
2212 1866 2287 1901 η’
2311 1856 2362 1906 ⁸⁶

274 1990 405 2041 tam
428 2002 447 2043 τ
473 1984 653 2043 tacite
680 1982 935 2043 illudens
952 1982 1275 2055 consulem,
1296 1984 1401 2063 qui
1428 1982 1752 2063 aliquando
1777 1979 1978 2060 flagris
1999 2000 2186 2043 caesus

276 2080 359 2139 ab
380 2078 653 2141 Isaurico
678 2089 845 2162 patre
869 2079 1203 2141 dicebatur.
1284 2079 1394 2140 Ad
1429 2088 1760 2140 extremum
1785 2087 1986 2139 tamen
2009 2098 2182 2159 supe·
2206 2079 2328 2133 Dio·

276 2176 399 2237 rior
442 2185 507 2237 et
527 2178 665 2255 jure
706 2186 771 2237 et
810 2176 1081 2257 potentia
1110 2176 1317 2237 consul
1362 2175 1542 2237 Coelii
1580 2182 1782 2257 partes
1817 2174 1922 2235 alii
1946 2174 2188 2234 cuidam

274 2276 517 2355 praetori
542 2273 957 2335 demandavit:
1001 2274 1193 2353 ipsum
1216 2282 1282 2333 et
1306 2273 1433 2333 foro
1467 2282 1531 2335 et
1558 2272 1728 2333 curia
1757 2271 2038 2343 exclusit,
2076 2290 2184 2333 vo-
2207 2269 2337 2320 0⁸³⁸·

276 2370 619 2452 lentemque
656 2370 995 2431 concionari
1031 2366 1107 2429 de
1142 2370 1343 2429 rostris
1366 2368 1654 2429 detraxit.
1739 2365 1992 2439 Coelius,
2019 2368 2186 2446 igno·

276 2467 465 2527 minin.
488 2466 662 2527 simul
700 2466 905 2546 iraque
935 2473 1257 2546 permotus,
1295 2464 1373 2525 ad
1414 2464 1822 2545 Pompeianos
1844 2464 2096 2545 scripsit,
2123 2464 2186 2525 in
2209 2466 2319 2518 Cic.

278 2562 517 2625 Urbem
552 2584 655 2625 eos
679 2564 1003 2636 advocans,
1045 2561 1333 2622 nudatam
1358 2561 1647 2643 praesidiis
1671 2560 1952 2633 futuram,
1977 2555 2048 2621 et'
2063 2568 2188 2621 stu-

275 2660 381 2721 dio
405 2662 613 2743 populi
647 2660 981 2743 proniorem
1023 2660 1083 2720 in
1117 2658 1257 2719 illas
1290 2667 1509 2739 partes,
1542 2678 1913 2739 vacuamque
1941 2656 2188 2719 Italiam
2497 2723 2502 2731 ,

274 2767 617 2819 ostentans:
652 2757 813 2839 quod
848 2758 1027 2819 etiam
1054 2755 1501 2817 saluberrimum
1525 2756 1647 2817 illis
1671 2756 1940 2837 partibus
1971 2755 2184 2816 fuerat.
2209 2748 2344 2803 Vffl·
2357 2752 2530 2801 ¹¹0⁶&

278 2856 460 2918 Misit
496 2858 679 2917 etiam
720 2854 800 2916 ad
837 2854 913 2916 T.
953 2854 1225 2917 Annium
1266 2853 1561 2915 Milonem
1594 2852 1997 2915 clandestinos
2036 2872 2188 2912 nun·
2209 2812 2345 2867 ω’·

276 2953 415 3024 tios,
442 2974 619 3033 quem
648 2952 1111 3014 inimicissimum
1140 2950 1365 3011 Caesari
1388 2958 1658 3022 noverat,
1689 2958 2000 3032 propterea
2024 2947 2188 3030 quod
2208 2945 2328 2997 Dio.

274 3050 557 3111 metatis
582 3050 879 3121 exulibus,
906 3047 1063 3108 solus
1088 3047 1191 3109 ille
1217 3048 1471 3109 reditum
1496 3067 1615 3108 non
1640 3048 2080 3128 impetraverat.

356 3153 464 3208 21.
506 3146 865 3225 Magnorum
904 3145 1033 3207 haec
1068 3165 1193 3205 esse
1225 3154 1491 3205 motuum
1530 3143 1700 3205 initia
1723 3151 2018 3224 poterant,
2045 3143 2190 3205 viris

276 3242 455 3305 claris
479 3252 543 3305 et
566 3242 897 3304 audacibus
932 3242 1081 3302 talia
1108 3242 1510 3314 molientibus,
1550 3249 1844 3321 occupato
1872 3240 2018 3303 alibi
2045 3238 2158 3300 0ae

278 3362 433 3414 sare,
458 3351 523 3402 et
544 3340 942 3402 incertissimis
964 3340 1143 3421 plane
1171 3340 1555 3421 temporibus.
1640 3336 1921 3398 Ceterum
1945 3358 2023 3399 ex
2052 3346 2186 3399 tan·-
2240 3338 2245 3353 ¹

278 3446 345 3499 to
382 3448 545 3499 metu
575 3436 847 3499 celeriter
876 3446 941 3499 et
972 3438 1123 3499 citra
1154 3435 1575 3497 detrimentum
1614 3434 1680 3495 hi
1713 3442 1964 3495 conatus
1996 3434 2058 3494 in
2094 3434 2186 3495 ni·

276 3536 465 3597 hilum
504 3543 837 3599 evaserunt.
921 3534 1167 3615 Quippe
1206 3533 1522 3604 Milonem,
1552 3540 1864 3593 contracto
1903 3531 2186 3611 fugitivo-

278 3654 409 3694 rum
426 3632 718 3703 exercitu,
744 3630 1075 3713 profectum
1102 3630 1163 3689 in
1186 3627 1603 3711 Campaniam,
1624 3637 1690 3691 et
1715 3630 1886 3709 quasi
1902 3627 2184 3689 mandato

279 3730 563 3812 Pompeii
600 3730 867 3791 homines
908 3728 1334 3798 solicitantem,
1372 3734 1666 3808 quotquot
1702 3726 1781 3786 ob
1818 3745 1903 3785 aes
1924 3723 2182 3784 alienum
2209 3738 2339 3791 σε..

280 3834 384 3889 aut
404 3826 677 3887 facinora
700 3824 983 3885 credebat
1016 3823 1284 3894 idoneos,
1312 3823 1489 3904 pauci
1519 3830 1659 3883 sunt
1687 3822 1910 3882 secuti:
1941 3819 2182 3901 Capua·
2205 3834 2328 3887 Dio.

281 3944 393 4005 que
416 3924 637 3985 frustra
660 3930 913 3995 tentata,
956 3919 1417 4000 confugiendum
1450 3920 1507 3979 ei
1540 3918 1749 3980 Tifata
1781 3918 1916 3978 fuit.
1999 3914 2184 3996 Igna·-
2241 3932 2386 3984 om.

280 4040 377 4081 rus
408 4022 643 4092 horum,
670 4030 733 4083 et
756 4020 1005 4081 meliora
1026 4038 1269 4101 sperans
1293 4017 1543 4088 Coelius,
1568 4016 1926 4095 conjungere
1959 4034 2024 4073 se
2049 4032 2188 4073 cum
2209 4003 2391 4113 35⁰3&

278 4117 385 4180 illo
409 4119 715 4200 cupiebat.
796 4116 921 4179 Sed
944 4118 1090 4199 quia
1113 4114 1355 4177 occulta
1376 4112 1521 4195 fug-a
1542 4132 1656 4175 nec
1689 4114 1834 4173 satis
1867 4118 1998 4172 tuta
2021 4109 2188 4192 vide·

286 4218 479 4291 batur,
504 4226 569 4277 et
593 4218 787 4296 majus
810 4216 890 4277 ad
916 4215 1119 4277 omnia
1142 4221 1505 4274 momentum
1524 4218 1673 4284 erat,
1704 4211 1754 4271 si
1777 4209 1946 4290 quasi
1971 4215 2192 4289 proetor

288 4314 768 4395 proficisceretur,
821 4321 1215 4373 commeatum
1268 4332 1307 4371 a
1360 4307 1601 4370 consule
1659 4308 1854 4389 petiit,
1907 4316 2192 4386 tanquam

288 4410 577 4493 purgandi
616 4411 708 4472 sui
744 4430 925 4473 causa
952 4408 1252 4473 Coesarem
1278 4406 1565 4469 aditurus.
1650 4402 1904 4479 Consul,
1929 4401 2194 4463 simulari
