3300 5234
818 518 995 587 ⁵⁰24

820 875 1123 930 Fiunt-Plut-

822 973 951 1024 Ces.

822 1173 957 1222 Plut-

822 1267 951 1318 Ca.

857 1631 1019 1681 Ortsl.

822 1697 1053 1748 Thes-ur.
1064 1703 1118 1745 et

744 1755 754 1766 '
826 1762 1009 1811 Ceu-r.

828 1825 1007 1889 Geogr.

826 1891 948 1939 Anto
968 1905 1029 1942 1¹«
1045 1895 1097 1940 ὅ·

828 1957 957 2005 Cas·

827 2435 947 2485 Dio.
970 2433 1097 2483 Flor.

830 2501 975 2550 Oros.
992 2515 1067 2550 vr.
1078 2503 1130 2551 7.

834 3107 997 3157 'ront-
1011 3124 1074 3158 u.
1088 3112 1138 3158 6.

780 3499 787 3510 “
838 3505 969 3557 Cas.

1791 535 1864 582 Τ.
1915 532 2100 580 mvn

1226 685 1325 738 36.
1370 676 1465 738 Eo
1500 679 1690 758 magis
1715 677 1920 738 Caesar
1951 676 2234 738 incitatus
2267 686 2378 746 est,
2409 685 2476 738 ut
2499 695 2678 756 quam
2704 678 3045 737 maturrime

1142 776 1547 844 contenderet,
1574 797 1682 835 suo
1707 785 1970 856 tempore
1997 793 2228 844 usurus,
2253 775 2302 833 si
2327 774 2564 854 quidem
2590 793 2730 832 vera
2771 774 3049 835 mulieres

1143 873 1439 941 dicerent:
1486 883 1593 934 aut
1630 873 1844 933 saltem
1871 873 2110 934 facilius
2143 871 2550 932 debellaturus
2583 871 2932 952 impeditum
2957 891 3048 932 re-

1146 969 1361 1048 ligione
1388 970 1639 1041 hostem,
1665 979 1728 1029 et
1751 969 1828 1028 de
1864 969 2121 1029 victoria
2153 969 2462 1050 desperare
2491 971 2740 1048 jussum.
2826 967 3048 1048 Igitur,

1146 1067 1275 1125 acie
1302 1067 1609 1136 instructa,
1634 1087 1772 1126 cum
1799 1065 1879 1126 ad
1903 1075 2102 1126 castra
2137 1065 2390 1124 hostium
2428 1064 2788 1135 succederet,
2836 1066 3050 1124 irritati

1148 1162 1475 1240 ignominia
1518 1161 1810 1223 Germani
1850 1171 2259 1243 processerunt
2283 1170 2346 1221 et
2378 1162 2513 1241 ipsi,
2540 1163 2890 1222 nationatim
2929 1162 3050 1222 dis-

1146 1259 1381 1318 tributis
1399 1260 1609 1339 copiis.
1693 1259 1930 1318 Praeter
1953 1258 2182 1320 Suevos
2205 1278 2283 1318 ex
2311 1259 2527 1339 quibus
2551 1260 2674 1340 ipse
2699 1268 2850 1329 erat,
2883 1259 3052 1319 Mar-

1146 1375 1467 1416 comannos
1506 1357 1567 1415 in
1602 1357 1875 1417 exercitu
1917 1354 2258 1416 Ariovistus
2297 1353 2578 1424 habebat,
2621 1363 2682 1414 et
2703 1355 3054 1427 Triboccos,

1148 1459 1214 1512 et
1237 1451 1605 1529 Vangiones,
1644 1451 2078 1532 Nemetasque,
2107 1472 2180 1511 ac
2207 1450 2517 1521 Harudes,
2543 1462 2606 1512 et
2631 1451 2943 1524 Sedusios,
2965 1454 3051 1531 ig-

1150 1547 1441 1608 nobiliora
1484 1549 1726 1629 reliquis
1765 1549 2026 1618 nomina,
2062 1557 2124 1607 et
2166 1549 2268 1608 vix
2313 1557 2610 1608 certarum
2647 1549 2902 1619 sedium,
2947 1549 3052 1608 nisi

1150 1645 1311 1726 quod
1339 1645 1626 1706 Harudes
1659 1646 1738 1706 ad
1783 1646 1982 1706 lacum
2007 1645 2363 1715 Acronium,
2388 1647 2604 1725 quibus
2641 1645 2784 1706 locis
2807 1647 3056 1706 condita

1154 1742 1507 1804 Constantia
1548 1753 1661 1815 est,
1689 1743 1986 1804 habitasse
2035 1752 2279 1824 putant:
2325 1743 2626 1814 Sedusioe,
2667 1753 2794 1816 aut,
2829 1753 2904 1804 ut
2937 1745 3056 1823 legi

1150 1840 1381 1913 volunt,
1410 1841 1712 1922 Sepusios,
1741 1841 1820 1902 ad
1847 1840 1996 1902 fines
2023 1839 2348 1902 Nemetum
2373 1841 2432 1900 in
2461 1841 2593 1922 ripa
2619 1841 2847 1902 Rheni.

1234 1946 1333 2003 3⁷.
1377 1938 1585 1999 Caesar
1608 1959 1647 1999 a
1670 1939 1886 2000 dextro
1909 1957 2118 2009 cornu,
2145 1937 2306 2018 quod
2343 1938 2426 1998 ibi
2455 1938 2904 1999 imbecilliorem
2931 1957 3057 1999 esse

1150 2035 1375 2096 hostem
1396 2044 1680 2107 senserat,
1703 2037 2016 2097 commissa
2032 2055 2254 2116 pugna,
2281 2043 2448 2094 tanta
2473 2033 2912 2096 Germanorum
2933 2036 3055 2097 ala-

1152 2133 1363 2193 critate
1388 2141 1678 2214 exceptus
1700 2141 1812 2203 est,
1839 2141 1910 2193 ut
1933 2133 2190 2212 spatium
2231 2131 2356 2212 pila
2391 2133 2452 2191 in
2477 2132 2672 2192 hostes
2695 2133 3060 2212 conjiciendi

1152 2228 1439 2290 militibus
1462 2249 1579 2288 non
1604 2229 1864 2290 daretur.
1948 2228 2232 2310 Abjectis
2251 2227 2410 2308 pilis,
2433 2248 2530 2288 res
2547 2229 2828 2289 acerrime
2858 2227 3060 2308 gladio

1153 2327 1416 2404 geritur:
1458 2335 1521 2385 et
1542 2345 1702 2398 cum,
1729 2325 2020 2407 phalange
2045 2323 2232 2395 sacta,
2260 2323 2544 2384 Germani
2569 2325 2864 2387 testudine
2881 2347 2948 2386 se
2974 2337 3058 2384 te-

1154 2431 1380 2501 gerent,
1418 2423 1592 2485 multi
1619 2422 2026 2484 Romanorum
2052 2407 2228 2502 super
2253 2421 2380 2502 ipsa
2401 2429 2572 2481 scuta
2593 2421 2906 2493 salierunt,
2937 2442 3058 2482 ma·

1154 2518 1447 2598 nibusque
1464 2539 1541 2582 ea
1558 2519 1932 2589 revellentes,
1978 2518 2228 2598 desuper
2253 2517 2578 2578 intulerunt
2601 2519 2869 2580 vulnera.
2955 2519 3059 2580 In-

1154 2617 1329 2676 terim
1348 2619 1428 2677 ab
1448 2616 1639 2678 altero
1663 2637 1848 2678 cornu
1867 2616 2182 2678 Romanus
2199 2617 2550 2695 urgebatur:
2579 2635 2760 2696 quam
2780 2625 2912 2677 tum
2939 2637 3058 2678 rem

1156 2714 1534 2794 conspicatus
1574 2715 1658 2775 P.
1704 2713 1976 2784 Crassus,
2021 2714 2128 2793 qui
2169 2713 2460 2794 equitatui
2506 2722 2776 2793 praeerat‚
2825 2715 3058 2775 tertiam

1156 2810 1349 2870 aciem
1392 2811 1660 2872 subsidio
1697 2811 1872 2871 misit.
1957 2807 2119 2869 Haec
2146 2829 2240 2868 res
2281 2809 2518 2889 plenam
2553 2809 2848 2871 Romanis
2872 2813 3058 2872 victo-

1156 2907 1305 2966 riam
1329 2907 1515 2968 dedit.
1601 2908 1910 2970 Ariovisto
1932 2927 2070 2968 cum
2110 2907 2409 2987 equitibus
2437 2905 2718 2966 Rhenum
2743 2927 2944 2968 versus
2969 2908 3058 2968 su-

1158 3007 1377 3084 giente,
1404 3005 1655 3087 pedites,
1682 3007 1787 3086 qui
1811 3005 2091 3084 consequi
2125 3023 2242 3064 uon
2271 3012 2564 3085 poterant,
2591 3004 2856 3065 densatis
2877 3007 3060 3086 agmi-

1160 3104 1335 3162 nibus
1358 3105 1716 3164 restiterunt.
1777 3103 1902 3163 Eos
1923 3122 2060 3163 cum
2085 3103 2210 3162 sine
2233 3121 2448 3180 magno
2475 3101 2678 3162 labore
2705 3122 2776 3163 ac
2799 3103 3062 3183 periculo
3170 3159 3180 3168 .

1159 3198 1413 3261 militum
1438 3200 1591 3261 caedi
1610 3221 1726 3260 non
1754 3220 1924 3281 posse
1951 3198 2158 3258 Caesar
2179 3197 2430 3268 videret,
2467 3199 2656 3258 emitti
2672 3199 2878 3277 jussit,
2907 3209 3062 3260 ratus

1159 3295 1419 3358 futurum
1443 3297 1603 3378 quod
1640 3298 1858 3368 evenit,
1887 3305 1954 3357 ut
1993 3297 2052 3356 iu
2088 3295 2236 3374 suga
2267 3295 2452 3376 sparsi
2493 3293 2732 3356 facilius
2765 3297 3062 3378 opprime-

1161 3403 1377 3454 rentur.

1244 3497 1346 3553 38.
1391 3490 1754 3564 Ariovistus,
1781 3493 2122 3553 naviculam
2151 3489 2228 3551 ad
2256 3490 2806 3572 ripam‘deligatam
2831 3501 3058 3562 nocuis,

1164 3590 1479 3649 transmisit
1504 3608 1760 3650 amnem.
1823 3587 2020 3650 Simili
2045 3591 2292 3660 ratione,
2321 3599 2427 3649 ant
2450 3588 2648 3649 nando
2668 3609 2908 3650 evasere
2933 3610 3059 3672 per-

1164 3686 1377 3766 pauci:
1440 3695 1669 3746 ceteros
1711 3685 1976 3748 Romani
2017 3687 2248 3767 equites
2285 3685 2587 3746 consecuti
2631 3685 3058 3747 iuteremerunt.

1167 3781 1273 3842 Ne
1300 3782 1610 3843 mulierum
1636 3783 1877 3862 quidem
1913 3783 2342 3866 infantiumque
2372 3781 2638 3843 caedibus
2675 3791 3058 3863 temperatum

1166 3888 1288 3938 est:
1347 3878 1485 3939 duae
1526 3880 1814 3958 conjuges
1854 3877 2150 3940 Ariovisti
2191 3878 2406 3938 occisae
2445 3899 2582 3938 cum
2625 3899 2744 3941 uua
2785 3878 3059 3950 filiarum,

1166 3975 1359 4036 altera
1397 3975 1668 4056 pervenit
1707 3976 1768 4035 in
1801 3984 2158 4056 potestatem
2199 3976 2398 4035 hostis.
2483 3973 2786 4036 cecidisse
2812 3975 3060 4036 Germa-

1168 4092 1377 4131 norum
1403 4072 1706 4151 octoginta
1729 4071 1926 4134 millia
1947 4071 2232 4133 seruntur.
2319 4071 2476 4131 Cum
2512 4074 2778 4133 maxima
2804 4073 3062 4133 victoriae

1166 4177 1349 4230 tantae
1378 4167 1591 4229 laetitia
1616 4177 1792 4238 esset,
1824 4169 1984 4229 haud
2025 4169 2220 4227 minus
2253 4167 2532 4246 gaudium
2574 4161 2800 4228 Camari
2825 4168 2958 4240 fuit,
2987 4167 3057 4228 C.

1168 4263 1453 4324 Valerius
1477 4265 1786 4325 Procillus
1812 4265 2170 4346 Marcusque
2201 4265 2458 4326 Mettius
2479 4267 2720 4345 recepti.
2789 4263 3062 4325 Valerius

1166 4369 1280 4433 ter,
1331 4381 1395 4421 se
1439 4371 1750 4444 praesente‚
1793 4363 2050 4426 sortibus
2091 4363 2172 4425 de
2211 4383 2276 4424 se
2320 4362 2718 4424 consultatum
2769 4363 3058 4429 narrabat,

1170 4469 1362 4523 utrum
1382 4462 1583 4522 statim
1610 4461 1730 4540 igni
1749 4462 2222 4542 combureretur:
2263 4457 2506 4522 sortium
2539 4458 2830 4522 beneficio
2865 4479 3057 4541 super-
