3300 5234
912 611 1120 661 mem
1170 611 1331 663 cix.
1377 586 2028 671 supremus-,urum
2370 596 2549 665 5150

311 752 800 835 respondentibus
825 751 1176 835 Campanis,
1201 753 1364 836 quod
1393 752 1686 815 beneficio
1708 764 1771 815 et
1812 753 1945 835 lege
1964 751 2221 817 Gaeearis
2540 816 2545 821 ,

313 850 554 915 deducti
579 872 710 913 eam
755 853 814 911 in
857 852 1149 913 coloniam
1191 852 1444 913 fuerant.
1531 852 1919 913 Gladiatores
1940 872 2093 933 quos
2136 852 2219 913 ibi
2243 864 2549 920 cancie.

317 949 524 1009 Caesar
561 949 763 1009 alebat
801 949 908 1025 (ad
953 949 1074 1011 duo
1121 950 1314 1011 millia
1351 950 1529 1011 fuisse
1581 956 1891 1031 putantur)
1934 950 2221 1011 Lentulus

313 1048 487 1126 equis
533 1046 832 1107 attributis
875 1047 1040 1126 sequi
1082 1068 1146 1107 se
1182 1048 1465 1127 jusserat.
1575 1046 1699 1107 Sed
1736 1057 2122 1129 posteaquam
2156 1046 2218 1109 id

315 1141 858 1225 reprehendebatur
881 1143 1269 1215 sermonibus,
1297 1142 1542 1222 singulis
1565 1144 1833 1225 patribus
1858 1144 2219 1207 familiarum

313 1240 486 1300 binos
511 1239 842 1322 Pompeius
865 1240 1186 1311 distribuit,
1211 1240 1500 1301 custodiae
1529 1260 1731 1303 causa.

397 1342 502 1400 67.
546 1336 670 1397 Sed
709 1336 912 1397 Caesar
951 1336 1226 1399 Auximo
1265 1356 1622 1419 progressus,
1664 1346 1855 1399 totum
1897 1336 2215 1413 Picenum,
2242 1343 2371 1399 Cu.

313 1433 652 1498 volentibus
675 1433 1036 1516 praefecturis
1058 1435 1348 1507 omnibus,
1376 1435 1621 1516 recepit.
1702 1433 1906 1497 Etiam
1932 1434 2218 1513 Cingulo,

313 1550 658 1612 quanquam
695 1530 760 1592 id
797 1532 1084 1612 oppidum
1113 1532 1408 1593 Labienus
1447 1550 1556 1593 sua
1581 1532 1837 1617 pecunia
1874 1530 2221 1593 exaedifica-

313 1636 508 1699 verat,
551 1626 732 1707 legati
768 1628 845 1689 ad
884 1628 1182 1689 Caesarem
1207 1638 1514 1691 venerunt.
1598 1629 1756 1691 Cum
1793 1629 2022 1691 interim
2064 1630 2221 1711 legio

311 1724 673 1785 duodecima
697 1726 1064 1797 accessisset,
1094 1724 1298 1787 Coesar
1321 1746 1458 1787 cum
1481 1726 1717 1788 duabus
1740 1724 2071 1805 legionibus
2100 1726 2221 1787 As-

311 1820 518 1883 culum
543 1820 840 1881 Picenum
861 1820 1184 1893 contendit,
1203 1823 1306 1883 ubi
1329 1822 1616 1885 Lentulus
1640 1822 1926 1905 Spinther
1949 1824 2221 1895 curabat,

311 1918 402 1979 vir
445 1918 794 1991 consularis,
843 1938 980 1979 cum
1018 1918 1362 1981 cohortibus
1401 1918 1631 1981 decem.
1716 1918 1841 1981 Sed
1886 1939 2077 2001 neque
2122 1920 2222 1981 hic

313 2015 528 2075 ceteris
569 2016 956 2087 constantior,
1009 2014 1268 2096 profugit
1316 2036 1396 2077 ex
1437 2016 1699 2098 oppid03
1758 2015 2139 2097 desertusque
2182 2034 2223 2077 a

313 2113 542 2189 majore
569 2120 736 2191 parte
761 2110 1040 2183 militum,
1069 2111 1326 2192 reliquos
1354 2111 1426 2173 L.
1455 2111 1733 2174 Vibullio
1761 2110 1929 2173 Rufo
1954 2112 2157 2184 uadit,
2184 2131 2225 2181 a

314 2208 614 2290 Pompeio
639 2206 788 2269 forte
815 2208 1077 2269 venienti
1098 2208 1125 2243 ⁶
1167 2208 1246 2271 ad
1272 2210 1564 2271 Picentes
1587 2209 1927 2271 retinendos
1947 2208 2009 2269 in
2036 2210 2223 2291 parti-

312 2306 447 2365 bus.
527 2303 838 2365 Vibullius
881 2306 1148 2386 acceptis
1186 2304 1498 2377 militibus,
1544 2325 1624 2367 ex
1660 2306 1753 2365 his
1791 2313 1855 2365 et
1886 2304 2223 2368 delectibus

312 2400 702 2483 Pompeianis
725 2400 956 2481 aliquot
976 2402 1248 2463 cohortes
1269 2400 1555 2464 conficit:
1597 2420 1739 2463 mox
1766 2402 1931 2465 venit
1968 2400 2047 2463 ed
2082 2423 2219 2463 eum
2262 2410 2357 2477 Ep.
2374 2412 2553 2477 Pomp.

319 2496 398 2559 C.
423 2495 713 2559 Lucceius
756 2496 980 2559 Hirrus
999 2504 1037 2532 ¹⁸
1077 2518 1214 2559 cum
1241 2499 1502 2579 quinque
1527 2483 1872 2559 cohortibus
1896 2496 2217 2560 Camerino
2240 2476 2549 2607 :ssfffi-'ss-

310 2593 568 2675 fug-iens,
616 2594 720 2655 ubi
763 2596 824 2655 in
872 2594 1150 2675 proesidio
1198 2593 1412 2656 fuerat.
1497 2592 1594 2655 Hi
1640 2594 1871 2674 magnis
1910 2595 2220 2657 itineribus
2242 2610 2327 2660 u.
2380 2608 2513 2658 cm.

312 2688 646 2754 corfinium
682 2689 1154 2773 proficiscuntur,
1197 2712 1318 2772 quo
1358 2690 1494 2753 loco
1537 2692 1610 2753 L.
1639 2690 1942 2753 Domitius
1966 2690 2217 2754 Alieno·-

311 2788 534 2851 barbus
556 2787 928 2849 consederat.
2160 2804 2173 2820 ‘

393 2892 498 2947 58.
541 2884 712 2946 Nam
745 2884 872 2957 ille,
917 2902 1214 2945 successor
1255 2876 1484 2945 cesari
1524 2881 1757 2957 missus,
1802 2904 1943 2949 cum
1964 2895 2218 2967 quatuor
2239 2898 2457 2969 Appia.

312 2982 576 3045 millibus
607 3002 687 3043 ex
713 3002 868 3043 novo
890 2980 1130 3041 delectu
1159 2980 1430 3041 Galliam
1462 3000 1667 3043 versus
1702 2982 1819 3043 iter
1840 2984 2215 3049 instituerat:

312 3078 553 3152 deinde,
595 3100 840 3152 occursu
869 3077 1126 3140 Caesaris
1157 3078 1420 3156 cognito,
1461 3076 1791 3147 deflexerat
1837 3080 1899 3140 in
1928 3081 2221 3161 Pelignus

313 3176 690 3257 Marsosque.
773 3175 1014 3237 Harum
1039 3195 1117 3236 ex
1145 3176 1450 3237 nationum
1477 3174 1831 3250 delectibus,
1856 3196 1995 3239 cum
2020 3180 2221 3261 copias
2260 3198 2543 3267 Ep.Ponp.

310 3294 450 3335 suas
492 3273 570 3335 ad
612 3288 920 3335 numerum
955 3273 1283 3335 cohortium
1309 3271 1627 3333 duodecim
1662 3272 2025 3348 adauxiaeet,
2050 3278 2215 3357 jam-
2240 3266 2304 3379 ffi
2324 3266 2545 3383 gxi?

311 3390 432 3451 que
459 3370 538 3431 ad
563 3390 698 3431 eum
725 3369 1034 3439 Vibullius
1067 3378 1132 3431 et
1167 3369 1388 3429 Hirrus
1422 3388 1560 3430 cum
1603 3368 1971 3451 undeviginti
2006 3374 2215 3435 cohor·-
2242 3410 2363 3445 vm.
2382 3398 2445 3445 ‚d

306 3468 472 3527 tibus
521 3468 935 3536 accessissent3
977 3467 1294 3527 observare
1336 3465 1636 3527 Caesarem
1686 3466 1959 3541 instituit,
2006 3490 2217 3551 repug-

315 3574 587 3639 naturus,
627 3564 680 3625 si
731 3565 972 3647 propius
1008 3562 1087 3625 ad
1121 3583 1186 3625 se
1241 3563 1580 3625 accessisset
1611 3584 1628 3625 ε
1682 3564 1773 3626 sin
1813 3585 1955 3628 vero
2004 3588 2217 3629 secun-
2243 3574 2351 3626 Au.
2366 3572 2547 3641 Epas.

511 3786 546 3833 ο
583 3781 813 3836 Veniente
833 3782 974 3837 cler.
1044 3780 1318 3835 Venientem
1339 3782 1555 3851 reliqna
1573 3789 1700 3837 ente
1722 3784 1877 3851 Crev.
1900 3784 2027 3837 ‘edd-
2155 3772 2159 3777 ’

1085 3944 1462 3968 &HOMO

379 4071 420 4099 ¹·
455 4062 520 4111 G.
555 4059 782 4113 henim
821 4058 1034 4125 Himoe]
1085 4060 1236 4113 Idem
1306 4061 1568 4114 nomlnat:
1603 4076 1793 4115 nomen
1815 4068 2115 4127 corruptum
2135 4068 2219 4115 est

314 4128 528 4179 videtur
547 4140 678 4184 esse,
695 4128 782 4193 qni
798 4141 956 4191 supra
979 4128 1166 4179 Lovu.
1186 4142 1234 4178 c.
1304 4129 1440 4192 apud
1460 4128 1737 4179 Cen-rem.
1771 4129 2070 4193 cognomen
2094 4128 2217 4178 Hir-

316 4194 400 4245 1⁴.
433 4199 747 4242 memoretur
791 4192 1024 4243 tribunus
1067 4192 1234 4256 plebis
1305 4206 1396 4243 rus
1433 4194 1562 4243 satis
1605 4192 1833 4244 indicare
1873 4192 2217 4243 nobls‘visum

314 4258 634 4319 rogationem
649 4259 1002 4328 promulgasse
1013 4258 1235 4309 cie-Pom·
1304 4266 1409 4323 est,
1449 4272 1638 4310 nomen
1679 4262 1729 4310 ei
1772 4258 1929 4309 fnisse
1975 4260 2217 4311 Lucceio.

315 4324 438 4388 peio
457 4324 716 4375 dictatore
735 4326 978 4375 creando.
1027 4323 1144 4373 Hoc
1162 4326 1234 4375 lo·
1303 4324 1373 4375 Et
1423 4324 1496 4374 its
1529 4326 1686 4375 sentit
1718 4326 1987 4376 Manutlus
2018 4325 2071 4377 in
2104 4332 2217 4377 not·

318 4403 379 4439 co
401 4390 676 4452 legebatur
686 4390 916 4441 Lucilius.
952 4388 1056 4440 Sed
1075 4390 1234 4439 Pom·
1301 4388 1369 4441 ad
1393 4390 1492 4457 Ep.
1513 4389 1770 4458 Pompeii.
1808 4390 1949 4443 Creo.

319 4454 426 4520 peii
455 4455 677 4522 epistole
697 4456 758 4509 C.
784 4456 992 4509 Hirrum
1029 4462 1232 4509 tantum
