3300 5234
847 562 1048 610 mum
1100 561 1217 610 cv,
1260 558 1912 611 surrununnrun.
2269 570 2274 575 ·
2307 540 2484 611 ⁵063

248 706 493 768 vincula
516 704 718 767 dedit:
764 682 919 767 filios
942 704 1186 777 dimisit,
1211 702 1358 785 quia
1380 702 1680 763 Gabinius
1701 704 1786 765 ita
1803 722 1941 763 cum
1967 712 2155 763 matre

248 826 449 867 eorum
474 805 767 887 pepigisse
794 804 1125 885 scripserat,
1145 822 1281 863 cum
1306 822 1369 863 se
1384 812 1447 863 et
1462 822 1599 883 quae
1624 803 1870 863 tenebat
1887 802 1948 861 in
1969 800 2154 862 fidem

252 902 593 964 Romanam
618 900 885 962 dederet.

325 1008 430 1061 88.
472 999 703 1061 Judaeis
722 998 983 1060 ad‘hunc
1004 998 1129 1059 fere
1170 996 1409 1059 modum
1434 998 1688 1079 pacatis,
1717 996 2158 1079 expeditionem
2214 1006 2432 1087 Appiam.

253 1096 555 1159 Gabinius
572 1100 633 1158 in
656 1097 901 1159 Arabas
926 1095 1262 1158 Nabataeos
1286 1094 1637 1160 adornabat.
1723 1095 1820 1155 Hi
1847 1098 2004 1157 enim
2029 1107 2158 1159 toto
2180 1071 2396 1204 ἓξὲξ·
2432 1078 2484 1118 ⁰⁸

250 1196 352 1255 illo
392 1196 656 1267 biennio,
692 1215 813 1275 quo
854 1194 925 1254 L.
964 1194 1235 1254 Marcius
1268 1192 1599 1274 Philippus
1624 1192 1899 1273 primum,
1939 1194 2158 1255 deinde

254 1292 367 1355 Cn.
400 1293 691 1353 Lentulus
716 1292 1131 1364 Marcellinus,
1158 1291 1433 1372 praetorio
1459 1290 1706 1373 imperio
1731 1302 2012 1353 rexerant
2039 1291 2156 1375 Sy-

252 1392 423 1463 riam,
448 1391 651 1453 vicina
675 1392 1063 1463 incursantes,
1090 1388 1352 1451 colorem
1393 1388 1476 1449 P.
1506 1388 1728 1451 Clodio
1760 1391 2158 1470 praebuerant,

256 1497 317 1547 ut
336 1488 710 1548 consularem
741 1508 881 1548 cum
918 1487 1286 1547 Macedonia
1320 1486 1683 1568 provinciam
1719 1484 1960 1567 Syriam
1998 1487 2158 1549 sace—
2217 1504 2320 1555 Cic.
2352 1520 2464 1569 pa·-

254 1594 357 1656 ret,
386 1592 452 1645 et
472 1583 645 1645 illam
672 1582 743 1643 L.
770 1583 1004 1656 Pisoni,
1040 1584 1195 1644 hanc
1232 1584 1321 1645 A.
1352 1582 1641 1656 Gabinio,
1687 1584 2002 1664 praemium'
2025 1604 2158 1666 pro-
2184 1570 2486 1621 siminOmt.

254 1680 357 1741 diti
387 1680 721 1754 Ciceronis,
744 1701 884 1742 cum
908 1680 1175 1742 exercitu
1200 1689 1263 1740 et
1286 1680 1539 1761 pecunia
1561 1680 1752 1741 daret.

330 1786 437 1839 39.
478 1778 663 1839 Forte
700 1799 805 1860 per
844 1778 1003 1839 idem
1035 1788 1271 1859 tempus
1298 1777 1731 1838 Arsacidarum
1765 1776 2002 1851 domus,
2036 1778 2158 1839 dis-

254 1874 471 1962 cordiis
496 1885 677 1955 atque
702 1875 1033 1957 parricidiis
1050 1884 1295 1946 vexata,
1314 1873 1478 1934 haud
1504 1874 1684 1954 longo
1703 1874 2016 1935 intervallo
2037 1876 2162 1937 duo

254 1992 444 2050 rega,
474 1970 809 2033 Phraatem
834 1981 1015 2053 atque
1043 1971 1482 2043 Mithridatem,
1498 1972 1798 2032 amiserat.
1865 1971 2164 2033 Phraates
2189 1997 2305 2049 Dio.

256 2070 477 2129 scelere
518 2068 775 2130 filiorum
808 2068 1151 2129 interfectus
1191 2078 1357 2129 erat=
1398 2088 1513 2129 nec
1558 2070 1704 2151 ipsis
1743 2069 1896 2129 inter
1923 2090 1986 2129 se
2028 2069 2164 2151 plus

256 2168 499 2247 pietatis
522 2174 585 2227 et
608 2166 961 2228 concordiae.
1032 2164 1289 2238 Orodes,
1310 2167 1415 2246 qui
1441 2167 1593 2247 patri
1620 2176 2005 2237 successerat,
2036 2166 2106 2225 M
2113 2168 2161 2226 i-
2219 2186 2433 2253 Appias.

254 2264 575 2325 tiridatem
616 2264 852 2336 Media,
879 2284 1059 2344 quam
1084 2264 1190 2325 ine
1214 2265 1478 2336 tenebat,
1504 2264 1758 2345 expulit.
1843 2264 2163 2326 Mithrida·
2186 2251 2353 2367 {⁸¹33
2371 2262 2423 2303 et

254 2372 340 2423 tes
362 2382 505 2424 cum
533 2362 767 2423 Orsene
792 2362 1159 2423 nobilissimo
1184 2361 1546 2422 Parthorum
1570 2361 1649 2421 ad
1676 2360 2000 2422 Gabinium
2027 2384 2162 2443 pro·
2186 2334 2389 2448 Jgsepli.

256 2460 471 2531 fectus,
518 2460 790 2521 venalem
842 2460 1058 2520 ducem
1106 2459 1451 2521 muneribus
1512 2466 1574 2519 et
1638 2457 2166 2540 pollicitationibus

258 2558 485 2637 magnis
528 2557 787 2630 induxit,
832 2565 920 2631 ut,
956 2558 1187 2618 omissis
1225 2556 1559 2631 Arabibus,
1600 2557 1662 2617 in
1699 2556 1966 2618 Parthos
1999 2578 2166 2621 arma
2190 2570 2406 2640 Appi-n.

256 2664 641 2716 converteret.

334 2759 436 2813 40.
463 2750 611 2811 Jam
635 2750 714 2811 ad
742 2750 1107 2833 Euphratem
1136 2750 1433 2813 Gabinius
1455 2772 1593 2814 cum
1610 2754 1879 2815 exercitu
1897 2763 2162 2828 venerat,
2189 2774 2396 2839 Joseph.

258 2868 391 2907 cum
456 2848 835 2909 Ptolemaeus
876 2850 1151 2920 occurrit,
1206 2849 1409 2910 literas
1457 2870 1494 2910 a
1548 2849 1848 2931 Pompeio
1891 2851 2168 2913 afferens.
2189 2839 2310 2891 Dio.

262 2946 563 3007 Gabinius
605 2954 670 3006 et
712 2946 926 3007 litteris
970 2948 1339 3031 movebatur,
1384 2946 1545 3029 quod
1584 2956 1825 3009 auctore
1871 2948 2168 3031 Pompeio

258 3043 503 3117 faceret,
552 3046 789 3126 impune
826 3044 1119 3107 facturum
1156 3066 1431 3126 sperans;
1474 3055 1559 3117 et,
1615 3066 1752 3107 cum
1799 3046 2168 3107 Ptolemaeus
2193 3068 2324 3121 Plut.
2342 3069 2463 3120 Ant,

260 3141 618 3203 talentorum
653 3141 861 3206 decem
886 3140 1083 3203 millia
1104 3147 1127 3174 ⁰
1167 3143 1557 3223 promitteret,
1584 3144 1990 3223 magnitudine
2015 3164 2164 3205 mer·
2191 3134 2344 3249 13}ss
2361 3150 2448 3201 ΡΝ
2529 3152 2534 3165 ’

261 3238 440 3301 cedis.
530 3238 655 3301 Sed
682 3241 828 3322 quia
861 3241 1182 3321 provincie
1212 3239 1431 3301 finibus
1454 3238 1680 3320 egredi,
1705 3241 2046 3321 bellumque
2072 3242 2325 3323 iii-pm,
2342 3235 2385 3314 ξ,
2409 3269 2460 3317 8.

255 3336 419 3412 jussu
448 3337 660 3418 populi
702 3357 903 3417 gerere
928 3337 1160 3417 legibus
1184 3338 1522 3409 vetabatur,
1562 3358 1898 3419 magnaque
1933 3358 2164 3399 asseve·
2195 3329 2333 3443 Psfiss·
2356 3332 2409 3379 ³¹²

262 3434 487 3495 ratione
525 3454 709 3515 nuper
734 3454 811 3494 ex
844 3433 1157 3515 Sibyllinis
1194 3434 1359 3495 libris
1392 3442 1524 3493 erat
1554 3433 1879 3507 decretum,
1909 3444 1926 3471 ‘
1951 3456 2026 3496 ne
2060 3456 2167 3495 ex·-
2192 3400 2463 3511 egffssm'

262 3532 480 3591 ercitus
506 3532 569 3590 in
594 3532 926 3612 AEgyptum
963 3530 1325 3603 duceretur,’
1365 3531 1726 3611 trepidabat.
1812 3530 1914 3593 Re
1941 3532 2000 3592 iu
2025 3552 2166 3593 con·

260 3628 393 3689 silio
412 3630 740 3710 proposita,
768 3650 905 3691 cum
931 3630 1199 3711 plerique
1230 3629 1451 3690 tutiora
1475 3628 1812 3701 suaderent,
1841 3630 1936 3690 M.
1968 3631 2167 3691 Anto·
2193 3648 2328 3701 Plut.
2419 3626 2424 3633 ’

260 3726 392 3786 nius
416 3736 631 3787 auctor
654 3726 1039 3807 suscipiendae
1074 3725 1469 3807 expeditionis
1500 3726 1654 3795 fuit;
1687 3726 1947 3807 juvenili
1981 3724 2168 3788 auda·

260 3823 377 3895 cia,
430 3832 499 3885 et
548 3822 711 3905 quod
748 3823 1085 3885 Ptolemaeo
1125 3825 1407 3905 cupiebat
1446 3823 1788 3904 gratificari.
1872 3822 2172 3886 Gabinius

264 3920 466 3999 igitur,
495 3922 739 4001 negotio
778 3922 865 3983 ita
902 3920 1163 3996 decreto,
1202 3923 1442 4003 majoris
1464 3922 1683 4004 praedae
1709 3942 1874 4004 spem
1907 3931 2168 3995 secutus,

261 4038 398 4080 cum
422 4029 489 4081 et
514 4021 630 4101 ipsi
667 4029 731 4080 et
762 4020 1053 4082 militibus
1094 4020 1283 4082 multa
1305 4022 1505 4081 statim
1529 4019 1908 4099 dilargiretur
1933 4020 2165 4102 AEgyp-
2195 4023 2410 4103 Appiam.

262 4118 398 4189 tius,
429 4118 610 4200 plura
634 4118 1035 4198 promitteretg
1066 4108 1256 4179 'rebus
1283 4116 1654 4179 Mithridatis
1677 4118 1912 4199 insuper
1927 4118 2168 4189 habitis,
2195 4090 2315 4142 ΒΨ·

260 4214 317 4274 in
344 4214 682 4297 AEgyptum
706 4218 1065 4297 properavit,
1092 4215 1235 4277 dum
1260 4215 1454 4278 adhuc
1474 4216 1691 4277 idoneo
1707 4214 2014 4277 defensore
2040 4234 2169 4295 reg·

260 4332 399 4373 num
424 4322 678 4375 careret.

310 4489 335 4514 ⁸
361 4480 673 4533 filetum
692 4484 849 4534 decem
868 4482 1047 4549 wia]
1068 4454 1279 4535 Marcus
1295 4482 1501 4548 argenti
1519 4488 1782 4535 nostrates
1793 4485 2007 4533 937600.
2032 4482 2176 4533 cm.
