3300 5234
738 523 922 590 5:396
983 543 1008 560 .

777 695 886 748 Cic.
909 697 1040 752 Phil

743 777 813 811 n.
836 765 993 814 88.οι

743 831 874 878 vni.

738 953 952 1022 Appias.

733 1811 898 1878 Appia
857 1764 952 1862 miei

768 1941 876 1992 Cic.
893 1943 956 1990 ad

733 2005 928 2058 Atuxv
899 2023 971 2058 vn
987 2012 1036 2058 8.

734 2144 868 2210 Appi
871 2161 952 2198 aa.

763 2541 870 2592 Cic.
886 2543 1016 2594 Phil.

731 2622 820 2655 ιιι.
841 2613 890 2658 2.
913 2615 1029 2661 eu.

731 2687 782 2718 v.
802 2676 850 2721 8.

728 2734 846 2785 Dio.
868 2737 974 2790 Cic.

1710 539 1781 590 ‘1·.
1828 539 2025 588 141le

1065 681 1406 762 sperabant,
1455 695 1683 764 quanto
1730 691 1887 744 esset
1942 681 2255 744 Antonius
2305 681 2545 744 Caesare
2594 682 2973 766 locupletior.

1069 779 1238 840 Nam
1264 781 1424 840 domi
1449 782 1580 860 ejus
1613 800 1861 842 acervos
1896 782 2041 842 sttui
2068 782 2358 862 pecuniae,
2386 801 2577 862 neque
2603 784 2737 861 jam
2772 802 2985 842 nume-

1067 877 1204 950 rari,
1243 877 1348 938 sed
1384 876 1644 959 appendi
1688 897 1895 938 aurum
1932 877 2262 938 audierant.
2350 876 2751 938 Deduxerunt
2780 887 2985 938 tamen

1065 994 1202 1035 eum
1237 975 1300 1035 iu
1333 973 1594 1034 tribunal
1634 973 1893 1047 silentio,
1930 976 2103 1056 quasi
2132 974 2295 1056 prius
2332 975 2633 1055 accepturi
2664 975 2981 1047 rationem,

1067 1092 1250 1152 quare
1277 1069 1562 1132 ultionem
1587 1073 1767 1134 occisi
1797 1073 2059 1133 Caesaris
2080 1071 2421 1132 distulisset.
2486 1071 2637 1132 Hoc
2662 1091 2819 1152 aegre
2842 1093 2981 1153 pas·

1065 1189 1168 1229 sus
1211 1168 1514 1229 Antonius
1567 1171 1898 1251 increpavit
1946 1171 2229 1249 ing-ratos,
2272 1179 2291 1206 ‘
2320 1171 2426 1249 qui
2478 1169 2708 1229 nullum
2752 1169 2980 1232 latium

1065 1266 1298 1344 signum
1323 1264 1586 1326 adventu
1611 1287 1719 1326 suo
1746 1266 2009 1338 ederent,
2034 1269 2205 1346 cujus
2231 1265 2523 1327 beneficio
2553 1287 2659 1348 pro
2684 1267 2981 1328 Parthica

1065 1361 1448 1444 expeditione
1473 1361 1721 1423 Italiam
1746 1361 2009 1424 habituri
2036 1361 2397 1444 provinciam
2424 1362 2659 1424 forent?
2739 1362 2979 1424 Deinde

1066 1457 1337 1538 querelas
1364 1458 1618 1530 addidit,
1648 1467 1668 1494 ‘
1692 1458 1853 1538 quod
1878 1459 2119 1519 emissos
2142 1481 2181 1519 a
2204 1468 2477 1540 protervo
2502 1459 2979 1520 adolescentulo’

1065 1556 1179 1630 (sic
1207 1553 1509 1616 Caesarem
1535 1555 1909 1636 appellabat)
1947 1566 1965 1592 ‘
1994 1565 2369 1638 corruptores
2408 1577 2525 1617 non
2566 1558 2835 1637 protinus
2866 1559 2977 1618 ad-

1062 1650 1392 1712 duxissent.
1478 1652 1564 1712 Se
1584 1661 1785 1712 tamen
1812 1653 2188 1714 inventurum
2227 1653 2401 1713 illos:
2442 1652 2850 1733 militibusque
2882 1655 2977 1715 di-

1059 1749 1322 1808 visurum
1347 1750 1641 1810 sestertios
1666 1749 2141 1831 quadringenos?
2158 1753 2183 1780 “
2264 1749 2430 1811 Haec
2476 1752 2537 1810 in
2578 1751 2978 1832 promittendo

1059 1833 1588 1926 parsimoniacum
1625 1868 1665 1907 a
1700 1846 2164 1926 dedignantibus
2200 1855 2458 1929 excepta
2496 1847 2613 1906 risu
2646 1855 2820 1919 emet,
2850 1849 2977 1928 ipse

1059 1951 1268 2002 contra
1305 1944 1673 2014 irasceretur,
1712 1963 1787 2002 eo
1822 1944 2107 2024 processit
2138 1943 2364 2003 ferocia
2406 1943 2685 2016 militum,
2724 1953 2796 2008 ut
2836 1965 2975 2005 cum

1060 2039 1224 2118 gravi
1259 2039 1532 2101 convicio
1567 2040 1967 2120 relinquerent
1997 2041 2467 2102 concionantem.

1139 2145 1241 2200 48.
1281 2138 1434 2198 Tum
1479 2137 1584 2198 ille
1627 2138 1931 2211 desiliens,
1974 2149 1993 2176 ‘
2028 2139 2332 2211 Discetis,’
2374 2139 2588 2219 inquit,
2632 2147 2651 2174 ‘
2684 2140 2973 2220 imperata

1057 2234 1254 2297 facere
1273 2256 1288 2296 :
1305 2236 1322 2262 '
1363 2237 1719 2318 negotioque
1745 2236 1890 2297 dato
1914 2237 2167 2297 tribunis
2200 2246 2269 2297 ut
2300 2235 2565 2297 seditiosi
2604 2237 2970 2307 sisterentur,

1056 2342 1210 2393 sorte
1235 2332 1415 2395 duxit
1439 2333 1733 2394 decimum
1760 2354 2082 2414 quemque,
2112 2353 2225 2394 nec
2264 2345 2465 2394 tamen
2502 2334 2561 2392 in
2602 2353 2809 2394 omnes
2842 2333 2969 2392 ani-

1057 2429 1394 2490 madvertit.
1480 2430 1585 2490 Sic
1610 2439 1811 2490 tamen
1836 2431 2017 2490 etiam
2042 2428 2293 2490 multum
2336 2429 2520 2490 caedis
2546 2429 2694 2490 fuit:
2736 2431 2973 2491 circiter

1055 2526 1306 2587 trecenti
1341 2525 1640 2607 supplicio
1674 2526 1875 2586 affecti
1912 2525 2245 2598 traduntur,
2283 2527 2433 2586 inter
2474 2547 2625 2607 quos
2658 2533 2724 2585 et
2762 2535 2971 2587 centn·-

1056 2622 1248 2682 riones
1290 2623 1563 2704 quidam,
1609 2623 1721 2684 viri
1768 2621 2097 2693 fortissimi,
2142 2621 2415 2682 fuerunt:
2456 2631 2543 2693 et,
2580 2621 2745 2702 quod
2790 2629 2971 2701 auget

1053 2719 1298 2780 saevitiae
1321 2719 1602 2802 speciem,
1629 2719 1742 2780 sub
1766 2719 1959 2780 oculis
1985 2717 2241 2789 Fulviae,
2282 2737 2419 2798 quae
2449 2719 2635 2780 virum
2658 2727 2862 2779 secuta
2887 2717 2968 2779 ad

1053 2817 1382 2877 exercitum
1405 2817 1620 2888 fuerat,
1655 2815 1921 2896 jugulati
1948 2825 2105 2876 sunt.
2189 2814 2449 2876 Irritatis
2476 2835 2580 2898 per
2613 2816 2743 2876 baec
2769 2817 2968 2896 potins

1053 2933 1232 2994 quam
1283 2912 1734 2995 perterrefactis·
1768 2913 2002 2984 animis,
2057 2911 2314 2973 Caesaris
2364 2913 2653 2974 emissarii
2696 2911 2964 2974 dolorem

1051 3009 1305 3069 militum
1329 3008 1739 3082 stimulabant,
1764 3008 2001 3070 libellos
2044 3010 2105 3069 in
2144 3007 2354 3070 casti-is
2387 3009 2792 3090 proponendo,
2829 3011 2963 3089 qui-

1047 3105 1184 3177 bus,
1233 3104 1481 3166 laudata
1518 3106 1837 3187 superioris
1883 3104 2139 3166 Caesaris
2183 3106 2487 3185 memoria,
2532 3115 2596 3166 et
2634 3103 2965 3186 praedicata

1047 3200 1404 3262 liberalitate
1431 3202 1846 3274 adolescentis,
1867 3201 2197 3264 crudelitas
2222 3211 2285 3263 et
2308 3201 2508 3264 sordes
2531 3201 2789 3264 Antonii
2828 3222 2965 3284 per-

1045 3296 1485 3376 stringerentur.
1549 3298 1791 3359 Horum
1820 3298 2153 3359 libellorum
2180 3306 2451 3360 auctores
2472 3299 2743 3379 conquiri
2762 3300 2963 3378 jussos

1046 3396 1433 3457 contubernia
1477 3396 1862 3478 celaverunt3
1906 3416 2021 3457 uon
2070 3397 2353 3476 praemiis‚
2404 3415 2523 3457 non
2570 3397 2779 3476 poenis,
2820 3419 2961 3480 quas

1045 3490 1335 3552 indicanti
1371 3500 1478 3553 aut
1515 3492 1841 3553 occultanti
1880 3490 2399 3564 denuntiabantur,
2434 3492 2772 3553 mutabiles.

996 3590 1001 3595 ’
1123 3596 1225 3650 49.
1269 3589 1368 3650 Ea
1389 3590 1774 3651 contumacia
1795 3591 2089 3651 concussit
2112 3588 2369 3650 Antonii
2394 3592 2693 3650 animum:
2736 3599 2799 3650 et
2820 3611 2959 3652 cum

1042 3685 1270 3746 interea
1297 3686 1552 3748 Oaesaris
1593 3696 1847 3749 conatus
1882 3687 2311 3758 nuntiarentur,
2358 3687 2569 3747 iterum
2602 3686 2697 3748 ad
2738 3687 2960 3748 milites

1040 3783 1284 3863 prodiit,
1311 3803 1622 3855 excusans,
1668 3793 1685 3820 ⁶
1716 3781 1877 3865 quod
1921 3785 2273 3844 necessitate
2318 3793 2582 3855 coactus,
2624 3785 2684 3844 in
2732 3805 2959 3866 paucos

1040 3880 1283 3960 quidem
1325 3889 1390 3941 et
1421 3889 1628 3942 contra
1661 3881 2025 3942 voluntatem
2052 3879 2581 3941 animadvertisset.
2669 3882 2955 3943 Ceterum

1039 3977 1200 4056 ipsos
1223 3979 1394 4050 scire,
1423 3999 1602 4059 quam
1639 3997 1747 4039 nec
1780 3997 2003 4039 saevum
2044 3997 2131 4049 se,
2172 3997 2283 4038 nec
2308 3977 2607 4038 sordidum
2632 3978 2959 4040 omnderit

1042 4074 1346 4137 Antonius
1371 4097 1639 4158 usquam.
1710 4075 1832 4137 Sed
1858 4077 2003 4138 satis
2028 4097 2155 4138 esse
2180 4075 2575 4156 querelarum,
2600 4077 2745 4138 satis
2768 4079 2949 4140 etiam

1041 4387 1064 4432 ι
1103 4317 1408 4431 *gestet-tio·
1420 4315 1797 4386 quadringenos]
1814 4319 2049 4369 Marcam
2073 4317 2277 4384 argeutl
2300 4321 2351 4368 1.
2374 4315 2555 4370 uncias
2572 4319 2949 4371 &semunciam

1071 4417 1084 4433 .
1153 4387 1265 4434 'rev-
