3300 5234
886 592 1093 644 unm
1140 594 1355 645 cxiv,
1400 592 2056 646 sorranus-run.
2403 578 2582 649 5293
2636 658 2640 663 ,

344 734 498 799 Erat
519 736 679 798 enim
702 734 953 797 militum
976 758 1217 799 snorum
1239 738 1698 813 amantissimus,
1733 740 1890 801 odeo
1927 748 2018 812 ut,
2043 738 2254 801 audita
2317 750 2518 802 Sueton.

344 834 429 897 P.
448 834 667 897 Titurii
692 834 889 907 clade,
914 837 1268 897 summisisse
1288 839 1539 899 barbam
1568 838 1974 921 capillumque
1993 837 2252 914 dicatur,
2277 816 2411 868 ⁰¹²⁸·
2439 821 2526 869 ⁶⁷⁶

341 950 453 993 nec
478 932 593 993 nisi
618 942 749 1013 post
774 931 1099 993 vindictam
1127 935 1411 1015 posuisse.

420 1035 525 1089 23.
567 1029 695 1090 Per
734 1048 837 1089 eos
876 1028 1005 1089 dies
1040 1031 1152 1090 sub
1192 1050 1473 1091 occasum
1515 1032 1924 1110 Vergiliarum
1968 1052 2062 1093 res
2104 1033 2253 1093 mira
2309 1044 2458 1095 Auci.
2481 1046 2548 1096 do

337 1124 555 1185 incidit
592 1126 653 1183 in
686 1126 913 1187 castris.
990 1126 1192 1187 Pauci
1224 1127 1529 1189 habebant
1563 1148 1644 1188 ex
1685 1128 1940 1209 pellibus
1971 1130 2252 1200 tentoria,
2275 1109 2464 1161 ΕΜ·

336 1240 447 1281 nec
472 1222 631 1283 enim
661 1222 881 1304 portari
908 1238 994 1281 ex
1022 1222 1233 1283 Sicilia
1256 1224 1581 1305 quicquam
1607 1234 1824 1305 proeter
1851 1224 2009 1306 ipsos
2032 1225 2254 1288 milites

332 1328 400 1378 et
424 1338 589 1379 arma
615 1318 821 1379 Coeser
842 1328 975 1380 erat
1000 1340 1245 1401 psssusg
1292 1340 1487 1402 neque
1528 1340 1740 1403 parare
1787 1324 1848 1381 in
1890 1319 2108 1384 Africa
2143 1344 2251 1405 po-

331 1424 591 1487 tuerant,
627 1414 789 1495 quod
815 1423 947 1475 tota
970 1414 1155 1475 ferme
1188 1417 1352 1495 regio
1376 1418 1457 1477 ab
1482 1417 1756 1477 hostibus
1778 1425 1887 1477 aut
1912 1418 2250 1493 tenebatur,

332 1520 443 1571 aut
486 1512 795 1572 exinanita
843 1512 1195 1593 direptaque
1244 1512 1456 1573 fuerat.
1554 1511 1850 1595 Plerique
1897 1514 2251 1578 vestimenta

330 1608 727 1681 tetenderant,
782 1618 963 1690 atque
1008 1609 1396 1670 arundinibus
1448 1609 1760 1692 scopisque
1803 1612 2102 1673 contextis
2151 1622 2246 1673 ut-

330 1726 591 1786 cumque
636 1726 699 1767 se
744 1708 1046 1786 tegebant.
1130 1706 1255 1768 Sed
1300 1708 1539 1768 circiter
1582 1708 1908 1769 secundam
1952 1708 2246 1789 vigiliam,

328 1812 575 1864 exortus
606 1824 745 1863 cum
773 1802 1059 1883 grandine
1090 1804 1279 1863 imber
1301 1804 1561 1865 tentoria
1578 1805 1762 1866 nimio
1785 1804 2043 1887 pondere
2062 1806 2246 1889 rupit,

332 1910 425 1974 ut,
461 1902 745 1963 extinctis
778 1901 1036 1981 ignibus,
1080 1901 1435 1983 intempesta
1469 1911 1644 1963 nocte
1676 1902 1898 1963 milites
1924 1923 2031 1985 per
2053 1914 2250 1967 cestra

324 2006 702 2077 vagarentur,
726 1996 875 2057 nibil
901 1997 1189 2057 babentes
1212 2006 1425 2079 praeter
1448 2007 1622 2059 scuta
1644 2000 1863 2079 quibus
1881 2000 2084 2080 capita
2101 2020 2245 2061 con-

324 2102 613 2173 tegerent.
702 2092 934 2153 Eadem
970 2102 1145 2155 nocte
1172 2092 1425 2175 pilorum
1450 2094 1678 2175 quintae
1703 2094 1952 2175 legionis
1969 2096 2248 2179 cuspides

324 2190 535 2252 erdere
560 2190 725 2251 visae.

404 2294 507 2349 24.
553 2286 759 2369 Scipio
792 2286 941 2347 inter
980 2287 1110 2347 haec
1150 2283 1352 2348 multis
1392 2288 1615 2348 nuntiis
1649 2286 1876 2347 Jubam
1917 2288 2233 2362 evocabat,

320 2392 809 2464 contantemque,
844 2384 1007 2445 omni
1040 2384 1326 2465 promissa
1342 2383 1605 2456 'Africa,
1642 2404 1767 2464 qua
1803 2383 2066 2445 Romani
2080 2385 2240 2464 juris
2263 2402 2384 2458 Dio,

318 2490 499 2553 efflet,
526 2480 817 2562 permovit
839 2478 1103 2552 tandem,
1130 2489 1200 2540 ut
1219 2499 1357 2540 cum
1381 2481 1573 2541 tribus
1597 2480 1950 2560 legionibus,
1981 2490 2046 2541 et
2067 2482 2240 2562 equi-
2297 2501 2446 2553 Amet.
2467 2504 2533 2555 «ι.

318 2579 479 2640 tibus
516 2577 784 2639 fraenatis
822 2578 1229 2657 octingentis,⁵
1266 2598 1599 2659 magnoque
1627 2576 2033 2638 Numidarum
2067 2580 2237 2659 equi-
2261 2566 2450 2623 ¹3·st-

318 2686 447 2738 tum
496 2685 564 2738 et
600 2674 753 2737 levis
802 2684 1115 2735 armaturae
1158 2695 1425 2746 numero,
1478 2696 1551 2736 sc
1591 2676 1839 2755 triginta
1879 2675 2238 2756 elephantis,

316 2792 499 2853 regno
546 2770 943 2852 egrederetur,
997 2771 1234 2833 Sabura
1276 2791 1413 2832 cum
1459 2780 1628 2853 parte
1681 2772 1986 2831 exercitus
2029 2782 2241 2835 contra

322 2868 544 2930 Sitinm
588 2868 823 2940 relicto,
866 2868 971 2948 qui
1016 2887 1204 2949 nuper
1250 2866 1565 2929 castellum
1610 2868 1772 2928 omni
1816 2887 2014 2927 rerum
2061 2870 2242 2951 copia

312 2965 585 3048 locuples
612 2964 691 3027 de
725 2984 863 3045 rege
904 2972 1167 3046 ceperat.
1254 2964 1409 3045 Ejus
1450 2962 1712 3025 adventu
1757 2962 1966 3025 Caesar
1999 2965 2236 3027 consilii

312 3064 407 3124 sui
430 3062 671 3147 plenum
704 3062 961 3123 fructum
1000 3060 1163 3123 tulit.
1247 3061 1407 3122 Cum
1436 3062 1597 3122 enim
1636 3060 1800 3121 baud
1846 3060 2054 3143 procul
2100 3061 2233 3123 Sci-

311 3162 507 3243 pionis
522 3160 729 3222 castris
748 3160 987 3219 seorsim
1004 3158 1387 3229 consedisset,
1415 3157 1589 3218 simul
1608 3179 1689 3219 ex
1718 3160 2050 3240 propinquo
2078 3160 2234 3223 vires

312 3260 446 3337 ejus
477 3258 757 3339 cognosci
788 3265 1061 3339 potuere,
1108 3265 1302 3318 metus
1332 3255 1714 3317 Julianorum
1749 3276 1956 3318 versus
1993 3257 2052 3318 in
2089 3278 2232 3319 con·

312 3364 567 3416 temtum
601 3364 714 3415 eflt·

393 3456 497 3513 26.
539 3449 809 3533 Scipioni
830 3438 1061 3511 'tamen
1102 3450 1295 3511 crevit
1333 3449 1589 3521 animus,
1624 3458 1696 3511 ut
1736 3449 2020 3510 instruere
2060 3469 2232 3510 exer-

308 3546 521 3620 citum,
560 3556 627 3609 et
664 3548 851 3629 paulo
880 3546 1116 3627 longius
1140 3566 1179 3607 a
1202 3545 1323 3607 suis
1355 3545 1782 3606 munitionibus
1817 3544 2094 3627 progredi
2125 3565 2231 3607 an-

306 3643 496 3705 deret.
579 3644 677 3705 At
712 3643 941 3715 Coesar,
984 3660 1101 3703 non
1138 3641 1307 3702 fecta
1344 3649 1641 3721 potestate
1679 3640 2007 3722 pugnandi,
2049 3660 2234 3721 opere

304 3762 417 3803 sua
454 3742 863 3823 promovebat,
895 3740 1086 3801 donec
1128 3739 1209 3799 ab
1254 3736 1604 3799 adversariis
1637 3745 1932 3819 occupato
1957 3736 2232 3819 proximo

304 3838 465 3900 colle
507 3858 749 3920 pergere
790 3838 1219 3919 prohiberetur.
1304 3832 1429 3895 Sed
1473 3834 1647 3894 collis
1693 3834 1756 3895 vi
1800 3843 2074 3916 receptus
2116 3841 2230 3904 est,
2253 3862 2372 3915 Dio.

302 3936 557 3999 decusso
584 3935 835 3997 Labieni
860 3932 1157 4016 praesidio,
1196 3940 1260 3991 et
1291 3932 1472 3991 irritis
1496 3950 1647 4012 quus
1672 3940 1951 4013 posuerat
1976 3930 2226 4004 insidiis,
2251 3931 2434 4047 13Λὶοὲ
2455 3932 2521 3983 de

304 4034 477 4114 quia,
510 4033 855 4113 priusquam
895 4030 1103 4091 Caesar
1134 4026 1469 4099 accederet,
1506 4048 1584 4087 ex
1620 4028 1773 4088 locis
1809 4028 2062 4089 occultis
2103 4028 2224 4089 La·
2303 4028 2318 4047 ⁹
2435 4032 2451 4049 '

303 4130 467 4190 bieni
520 4130 740 4189 milites
790 4139 948 4189 metu
1002 4125 1411 4211 profugerant.
1506 4123 1649 4207 Ipse
1703 4126 1809 4186 vix
1863 4144 1999 4185 cum
2053 4136 2223 4207 parte

303 4226 573 4307 equitum
616 4226 825 4289 evasit.
909 4224 1069 4288 Cum
1107 4221 1325 4285 deinde
1366 4240 1551 4303 opera
1592 4220 1968 4284 continuaret
1993 4222 2220 4296 Caesar,

345 4424 417 4533 ,σε
438 4416 519 4469 Ex
558 4415 717 4469 Λυσι.
759 4416 827 4468 de
854 4414 920 4467 B.
957 4412 1076 4466 Afr.
1096 4414 1271 4467 edidit
1294 4416 1449 4468 Crev.
1515 4412 1581 4465 In
1614 4410 1738 4464 edd.
1765 4411 1954 4479 priorr.
1987 4419 2071 4465 est
2091 4418 2218 4465 octo·

298 4498 391 4548 cun
414 4498 463 4535 α.
