3300 5234
841 2178 1031 2229 Strabo.

1780 546 1852 596 '1'-
1903 544 2092 595 lell

1156 696 1401 749 merent.
1489 687 1652 749 Dum
1693 708 1877 751 nave·
1917 696 2298 771 apparantur,
2329 690 2696 752 Morinorum
2741 690 2924 771 legati
2955 691 3056 755 ds-

1154 783 1367 846 dendae
1394 786 1585 864 gentis
1604 806 1748 865 ergo
1766 798 2070 849 venerunt.
2155 786 2410 848 Gratum
2425 789 2490 850 id
2508 788 2738 849 Caeaari
2755 788 2886 861 fuit,
2903 790 3058 871 quod

1156 886 1219 944 in
1256 883 1442 944 alium
1466 884 1635 944 velut
1669 884 1876 944 orbem
1911 885 2228 945 transituro
2265 886 2466 947 nullus
2499 906 2538 947 a
2573 895 2739 966 tergo
2763 886 2952 947 hostis
2975 908 3060 947 re-

1154 981 1555 1062 linquebatur.
1640 981 1860 1061 Igitur,
1891 984 2188 1063 praemisso
2223 983 2302 1044 ad
2337 984 2760 1065 speculandum
2781 1004 2922 1045 cum
2949 1005 3064 1045 una

1160 1100 1313 1141 nave
1359 1079 1435 1141 C.
1478 1079 1814 1153 Voluseno,
1861 1102 1997 1141 cum
2039 1083 2290 1142 navibus
2331 1082 2483 1142 duas
2525 1084 2764 1143 omnino
2809 1083 3068 1161 legiones

1162 1178 1555 1258 imposuisset,
1618 1179 1824 1258 paucis
1883 1178 2044 1238 horis
2099 1178 2470 1241 Britanniam
2523 1181 2745 1258 attigit,
2799 1180 3064 1261 peditatu

1160 1283 1393 1335 tantum
1420 1275 1692 1356 stipatus,
1721 1275 1884 1358 quod
1909 1277 2140 1357 equites
2169 1276 2290 1337 alio
2329 1276 2466 1337 loco
2495 1276 2890 1338 conscendere
2918 1279 3064 1357 jussi

1158 1372 1555 1433 tardaverunt.

1242 1474 1343 1529 56.
1392 1468 1692 1541 Britanni,
1719 1489 2084 1550 quanquam,
2112 1469 2370 1529 caesaris
2395 1468 2778 1552 expeditione
2807 1472 3064 1549 cognita,

1162 1565 1435 1644 legatos’
1420 1586 1479 1625 m
1507 1565 1778 1627 Galliam
1817 1567 2121 1637 miserant,
2148 1568 2494 1647 obsequium
2529 1576 2593 1626 et
2624 1566 2864 1627 obsides
2897 1568 3066 1648 polli-

1164 1664 1309 1723 citi·
1292 1707 1310 1732 ,
1356 1674 1554 1725 tamen
1594 1665 1936 1744 frequenter
1965 1666 2176 1725 armati
2215 1665 2292 1725 ad
2327 1664 2759 1746 prohibendum
2783 1686 3066 1725 exscenm

1166 1762 1415 1821 militem
1441 1763 1936 1843 opperiebantur:
1983 1771 2043 1821 et
2085 1763 2204 1822 loci
2243 1764 2394 1823 situs
2421 1763 2523 1823 ille
2555 1773 2704 1835 erat,
2729 1773 2800 1824 ut
2823 1772 3068 1843 angusto

1164 1862 1321 1921 inter
1360 1871 1593 1922 montes
1634 1862 1802 1921 aditu
1843 1860 1966 1922 tela
2001 1863 2298 1943 utrimque
2343 1862 2530 1941 adjici
2573 1862 2634 1923 iu
2677 1862 3068 1941 egredientem

1167 1967 1424 2039 possent.
1481 1958 1676 2039 Igitur
1695 1958 1774 2019 ad
1801 1968 1940 2019 octo
1960 1957 2152 2018 millia
2175 1978 2454 2039 passuum
2474 1956 2610 2019 inde
2635 1958 2806 2019 littus
2831 1960 3068 2040 planum

1166 2066 1555 2137 apertumque
1584 2058 1774 2137 petiit.
1845 2056 1942 2117 Eo
1965 2076 2206 2137 quoque
2235 2056 2368 2116 loco
2400 2056 2818 2116 Britannorum
2845 2058 3072 2136 equita·-

1168 2162 1264 2213 tus
1298 2164 1361 2214 et
1396 2153 1676 2215 essedarii
1701 2176 1764 2215 se
1789 2163 2212 2236 opposuerunt.
2298 2154 2746 2216 Fssedariorum
2771 2153 3070 2235 pugnandi

873 2244 944 2293 Τ·
944 2246 1041 2294 01²⁰
1044 2259 1071 2292 ⁰
1170 2253 1327 2312 ratio
1351 2251 1536 2312 ferme
1572 2254 1780 2313 similis
1805 2253 1922 2313 fuit
1953 2254 2032 2325 ei,
2075 2272 2210 2333 quae
2237 2252 2605 2334 temporibus
2639 2252 2898 2313 heroicis
2921 2248 3070 2332 apud

842 2308 1063 2372 Agrico.
1066 2313 1144 2359 12.

844 2372 977 2426 Casa.

1172 2354 1378 2429 poetas
1422 2350 1752 2411 ascribitur.
1846 2349 2004 2409 Cum
2049 2358 2204 2409 esset
2239 2349 2344 2409 diu
2389 2357 2704 2419 certatum,
2744 2348 3072 2419 Romanoa,

1171 2465 1513 2527 quanquam
1558 2447 1872 2528 iniquitate
1913 2447 2034 2507 loci
2073 2454 2136 2506 et
2173 2465 2327 2507 novo
2373 2466 2584 2524 genere
2627 2464 2842 2526 pugnae
2879 2444 3072 2505 turba·

1172 2542 1411 2613 bantur,
1439 2543 1633 2623 longae
1654 2564 1859 2616 naves,
1887 2554 1952 2604 et
1969 2542 2182 2603 emissa
2221 2542 2360 2603 inde
2383 2542 2692 2603 tormentis
2717 2539 2866 2613 tela,
2895 2542 3072 2603 victo·

1169 2658 1263 2701 res
1300 2641 1643 2700 effecerunt.

1250 2742 1353 2801 57.
1400 2738 1702 2809 Britanni,
1747 2738 1938 2816 magis
1979 2744 2224 2807 terrore,
2261 2755 2445 2815 quam
2483 2734 2726 2805 damno,
2769 2734 3075 2817 compulsi,

1166 2835 1329 2916 quod
1350 2838 1621 2916 equitatu
1647 2836 1968 2896 destitutus
1995 2834 2201 2895 causat
2223 2834 2456 2914 insequi
2481 2834 2778 2913 fugientes
2803 2835 3076 2915 nequive-

1166 2942 1283 3005 rat,
1314 2932 1541 3014 legatos
1564 2935 1864 2995 miserunt.
1949 2932 2108 2993 Cum
2133 2933 2227 2993 his
2245 2942 2308 2993 et
2335 2932 2582 2993 Comius
2608 2931 2880 2994 Atrebas
2901 2932 3074 3002 venit,

1168 3050 1345 3113 quem
1388 3053 1427 3094 a
1468 3031 1708 3093 casare
1757 3032 2118 3114 praeminum
2159 3039 2227 3091 ut
2272 3031 2598 3092 Britannos
2642 3031 2722 3091 ad
2765 3030 3076 3091 amicitiam

1168 3129 1377 3211 populi
1396 3129 1662 3191 Romani
1686 3132 2116 3201 cohortaretur,
2138 3139 2204 3190 et
2227 3130 2306 3189 ab
2332 3149 2395 3190 se
2421 3129 2932 3211 comprehensum,
2955 3136 3078 3209 post

1168 3227 1381 3287 infelix
1410 3227 1684 3308 praelium
1711 3229 2136 3289 liberaverant.
2221 3227 2432 3288 Caesar
2461 3228 2582 3287 leui
2617 3227 2886 3287 oratione
2909 3226 3076 3287 casu·

1170 3325 1349 3404 gatis,
1394 3334 1413 3363 ⁶
1434 3324 1597 3406 quod
1634 3348 1844 3408 pacem
1892 3326 2051 3387 ultro
2098 3326 2348 3406 petitam
2383 3324 2548 3386 bello
2593 3343 2712 3386 non
2757 3322 3080 3384 necessario

1170 3422 1579 3494 mutavissent,
1596 3424 1615 3453 ⁹
1677 3422 1914 3484 obsides
1956 3423 2294 3503 imperavit.
2396 3421 2643 3502 Hisque
2685 3420 2980 3491 adductis,
3017 3419 3072 3477 in

1170 3516 1390 3579 faciem
1412 3520 1694 3581 amicitiai
1729 3521 1949 3601 quietae
1993 3539 2087 3579 res
2121 3539 2250 3580 esse
2271 3528 2596 3600 coeperunt,
2625 3516 3077 3597 haudquaquam

1171 3615 1367 3676 solida
1394 3625 1501 3677 aut
1531 3615 1812 3677 diuturna
1839 3615 1980 3677 fide.

1255 3720 1357 3773 58.
1400 3712 1569 3774 Nam
1596 3716 1702 3774 ubi
1729 3722 2082 3795 tempestate
2106 3711 2378 3791 disjectae
2405 3730 2608 3783 naves,
2627 3712 2846 3791 quibus
2861 3712 3076 3792 equites

1174 3820 1345 3871 erant
1370 3812 1652 3893 impositi,
1685 3812 2058 3873 Britanniam
2084 3819 2282 3872 tenere
2310 3810 2742 3890 nequiverunt3
2789 3826 3076 3889 navesque

1178 3906 1455 3980 Caesaris,
1470 3910 1686 3987 ignotis
1707 3909 1854 3969 locis
1880 3908 1956 3968 ad
1977 3909 2268 3969 anchoras
2285 3916 2530 3979 stantes,
2545 3906 2756 3967 eadem
2771 3915 3080 3989 tempestas

1176 4007 1491 4086 confregit,
1540 4018 1645 4068 aut
1691 4006 1771 4067 ad
1835 4006 2237 4085 navigandum
2284 4004 2548 4066 reddidit
2591 4004 2871 4075 inutiles,
2855 4025 2872 4041 ·
2929 4003 3074 4064 coire

1181 4102 1511 4175 Britannis,
1540 4104 1786 4163 miscere
1813 4102 2085 4173 consilia,
2112 4111 2412 4183 postremo
2449 4122 2736 4161 resumere
2763 4120 2930 4161 arma
2955 4086 3075 4182 pla-

1176 4202 1326 4271 cuit,
1366 4200 1533 4294 quod
1586 4201 1916 4261 exercitum
1961 4201 2086 4260 aine
2125 4209 2484 4270 commeatu,
2530 4199 2658 4259 sine
2709 4200 2980 4269 navibus,
3021 4196 3076 4254 in

1178 4295 1379 4357 hostili
1406 4296 1577 4357 solo
1561 4298 1766 4378 miquo
1793 4297 1931 4357 anni
1957 4306 2220 4377 tempore
2244 4296 2672 4377 deprehensum
2697 4292 2882 4356 facile
2915 4310 3074 4375 supe-

1178 4402 1407 4454 raturo·
1431 4415 1493 4453 se
1524 4396 1856 4474 putabant:
1885 4395 2270 4475 victoriaque
2297 4394 2600 4473 premium
2621 4412 2736 4453 non
2765 4392 2917 4453 intra
2935 4406 3072 4471 pre·-
