3300 5234
730 543 907 610 5⁰54
1691 557 1764 604 ἰ·.
1813 555 2008 605 mvn

734 713 859 764 Dio.
1060 699 1235 780 cipue
1261 697 1477 759 referre
1505 699 1946 760 arbitrabantur
1971 697 2264 759 Catonern
2293 696 2526 780 repelli,
2551 697 2656 777 qui
2683 695 2967 778 providus

734 812 865 862 Plut.
884 809 993 860 Cat.
1062 797 1247 858 futuri
1274 805 1589 878 praeturam
1616 797 1886 878 petebat,
1913 805 1983 856 ut
1997 797 2408 856 auctoritatem
2437 796 2812 875 magistratus
2835 793 2964 856 vel·

1064 903 1132 953 ut
1156 913 1353 956 arcem
1380 891 1777 954 defendendae
1802 889 2097 954 libertatis
2135 894 2446 954 obtineret.
2555 891 2751 972 Igitur
2775 892 2970 954 multa
3061 955 3082 986 ο

1064 1001 1275 1074 praeter
1312 1011 1531 1052 morem
1558 1002 1621 1051 et
1661 991 1970 1052 honestum
1995 991 2310 1051 commenti
2333 999 2490 1062 sunt,
2524 1010 2648 1069 quo
2681 1002 2808 1050 tam
2831 1010 2968 1069 gra-

1059 1111 1196 1150 vem
1220 1089 1482 1150 futurum
1507 1087 1908 1150 adversarium
1937 1086 2339 1150 amolirentur.
2420 1086 2563 1148 Jam
2589 1088 2840 1168 primum
2861 1107 2968 1166 per

1064 1187 1518 1268 infrequentiam
1566 1187 2136 1248 senatusconsultum
2189 1184 2530 1246 faciendum
2587 1193 2968 1254 curaverunt,

774 1304 882 1355 Cic.
897 1301 1039 1362 adQ.
1066 1293 1083 1320 ‘
1114 1285 1203 1345 uti
1228 1295 1527 1366 praetores,
1556 1285 1662 1364 qui
1689 1285 1876 1344 creati
1901 1292 2122 1356 essent,
2147 1283 2454 1363 extemplo
2477 1283 2693 1344 inirent
2713 1283 2750 1342 :’
2775 1303 2970 1362 quan-

738 1369 895 1484 ξῐω·
916 1383 979 1420 ⁸¹·
1063 1403 1243 1463 quam
1270 1383 1581 1443 sententiae
1606 1381 1784 1442 dictae
1809 1390 2002 1453 erant,
2045 1392 2062 1418 ⁶
2087 1391 2368 1463 praetores
2393 1381 2482 1440 ita
2503 1381 2692 1441 creari
2711 1379 2970 1462 placere,

738 1469 870 1549 Plut.
1064 1490 1135 1541 ut
1172 1478 1301 1540 dies
1342 1480 1656 1558 sexaginta.
1691 1479 1910 1565 privati
1953 1479 2192 1540 essent.'
2275 1478 2432 1539 Cum
2465 1478 2549 1538 ita
2581 1476 2975 1558 providissent

1067 1597 1141 1637 ne
1168 1578 1427 1636 ambitus
1455 1575 1691 1655 judicio
1733 1586 1888 1637 esset
1925 1586 2064 1636 ante
2097 1576 2502 1654 magistratum
2539 1576 2748 1635 initum
2783 1574 2972 1646 locus,

1060 1676 1288 1734 amicos
1332 1693 1467 1733 suos
1506 1672 1869 1754 clientesque
1909 1673 2396 1736 commendarunt
2425 1673 2672 1754 populo,
2714 1681 2840 1732 tam
2881 1675 2972 1732 in-

1065 1769 1419 1840 verecunde,
1448 1779 1517 1830 ut
1540 1771 1654 1852 ipsi
1679 1771 1882 1852 palam
1906 1772 2238 1852 praeberent
2262 1771 2562 1852 pecunias,
2605 1770 2720 1850 ipsi
2757 1789 2972 1850 praes-

1068 1876 1201 1927 sent
1220 1867 1532 1947 suffragiis.

1150 1971 1253 2024 14.
1299 1963 1405 2024 Ne
1446 1966 1535 2024 sic
1580 1963 1822 2044 quidem
1868 1961 2004 2043 plus
2046 1963 2284 2042 largitio
2325 1971 2390 2024 et
2437 1963 2600 2024 fraus
2639 1963 2974 2036 connium,
3069 2022 3082 2030 ,

1070 2081 1250 2140 quam
1282 2043 1469 2122 virtus
1504 2071 1684 2141 atque
1719 2061 2080 2122 existimatio
2107 2060 2359 2121 Catonis
2393 2063 2626 2143 potuit:
2671 2061 2976 2142 fiebatque

1068 2157 1231 2218 haud
1257 2158 1439 2219 dubie
1466 2165 1708 2240 praetor,
1735 2159 1796 2216 ni
1824 2156 1983 2218 Pom
1991 2159 2408 2238 peiueceteras
2431 2159 2618 2219 tribus
2654 2159 2978 2219 auctoritar-

777 2265 911 2314 Plut.
1071 2267 1189 2318 tem
1217 2257 1625 2339 praerogativae
1643 2265 1944 2318 secuturas
1967 2267 2254 2328 metuens,
2274 2258 2432 2338 turpi
2459 2256 2768 2318 mendacio
2789 2258 2978 2317 comi-

746 2329 919 2446 {25⁹⁹
941 2338 995 2380 οἵ
1072 2355 1161 2414 n'a
1196 2353 1582 2424 dissolvisset,
1610 2363 1894 2433 tanquam
1931 2352 2138 2413 audito
2177 2354 2400 2414 tonitru
2427 2354 2820 2414 obnuntians:
2865 2373 2980 2414 nec

1071 2451 1227 2512 enim
1244 2450 1401 2510 Jove
1426 2459 1669 2511 tonante
1693 2471 1830 2512 eum
1861 2451 2082 2532 populo
2101 2451 2196 2529 agi
2224 2451 2463 2511 licebat.
2508 2449 2734 2510 Iterum
2761 2449 2978 2510 deinde

1072 2549 1407 2610 mercedem
1434 2557 1744 2627 augentes,
1771 2557 1952 2628 atque
1976 2549 2207 2608 saniore
2246 2543 2452 2629 populi
2489 2558 2658 2630 parte
2683 2549 2743 2608 vi
2781 2547 2978 2629 pulsa,

745 2657 865 2709 Dio.
1004 2673 1021 2685 -
1072 2667 1208 2707 cum
1237 2645 1417 2714 Cato,
1446 2654 1515 2704 ut
1546 2654 1679 2706 erat
1707 2643 1902 2723 legum
1937 2645 2427 2729 servantissimus,
2457 2667 2696 2706 suarum
2721 2647 2980 2727 partium

744 2755 855 2804 Ην.
878 2753 970 2820 Epi
957 2765 1011 2804 ι.ι
1074 2738 1365 2804 studiosos
1403 2743 1524 2802 vim
1563 2743 1623 2803 vi
1663 2762 1960 2823 opponere
2001 2752 2270 2811 vetaret;
2313 2743 2590 2804 effectum
2629 2753 2741 2814 aet,
2771 2753 2842 2804 ut
2873 2763 2982 2823 pro

750 2821 1029 2946 {famu
1036 2839 1311 2900 ‘Catone
1356 2839 1439 2899 P.
1468 2839 1755 2899 Vatinius
1796 2840 2251 2909 renuntiaretur,
2279 2860 2622 2921 quanquam
2659 2861 2848 2921 nuper
2885 2859 2978 2899 re-

783 2951 917 3000 Cic-i
904 2967 951 2998 m
1076 2937 1353 3018 pulsam
1338 2955 1398 2995 in
1428 2936 1714 3016 petitione
1740 2935 2049 2997 aedilitatis
2075 2935 2316 2997 tulerat.

746 3015 867 3129 γε’·
895 3020 974 3070 ¹⁵·
1002 3021 1055 3063 θ*
1160 3039 1259 3092 15.
1304 3029 1449 3092 Hoc
1476 3032 1579 3091 ubi
1610 3031 1838 3092 factum
1863 3042 1976 3104 est,
2009 3032 2212 3094 ferunt
2251 3043 2480 3114 partem
2524 3033 2731 3116 populi
2767 3034 2982 3095 talium

751 3143 873 3193 Plut
1078 3129 1485 3208 suffragiorum
1524 3128 1635 3188 sibi
1673 3129 1992 3202 consciam,
2018 3129 2176 3210 fugae
2211 3132 2391 3190 simili
2429 3131 2685 3192 discessu
2711 3129 2981 3213 disparu-

750 3229 870 3293 Dio.
1080 3228 1231 3286 isse:
1276 3225 1353 3286 ad
1380 3235 1609 3288 ceteros
1635 3227 1816 3287 dante
1842 3229 2188 3288 concionem
2213 3229 2450 3289 tribuno
2487 3228 2640 3306 (sive
2663 3228 2738 3289 G.
2762 3228 2986 3290 Ateius

1082 3323 1327 3404 Capito,
1352 3325 1475 3383 sive
1506 3323 1589 3383 P.
1618 3323 1930 3404 Aquillius
1955 3323 2174 3384 Gallus
2199 3325 2313 3384 fuit
2336 3345 2352 3384 :
2379 3328 2562 3388 ceteri
2585 3327 2742 3386 enim
2770 3347 2984 3387 consu-

752 3439 885 3490 Plut.
1082 3423 1205 3482 lum
1240 3431 1411 3482 erant
1434 3421 1700 3500 asseclae)
1727 3423 1915 3483 verba
1939 3421 2148 3484 fecisse
2171 3423 2488 3493 Catonem,
2525 3443 2640 3483 non
2669 3426 2986 3504 prasentia

1084 3518 1260 3578 modo
1300 3519 1387 3579 uti
1420 3539 1484 3578 se
1524 3519 1812 3579 haberent
1853 3519 2016 3579 clare
2055 3520 2388 3592 docentem,
2413 3519 2515 3582 sed
2555 3522 2738 3582 etiam
2772 3523 2988 3583 vatici-

1082 3625 1319 3677 nantem
1353 3615 1429 3676 de
1454 3615 1704 3676 futuris:
1749 3617 2050 3698 Pompeio
2077 3618 2410 3699 Crassoque
2430 3617 2590 3679 baud
2614 3621 2828 3681 leviter
2851 3643 2982 3703 per-

1081 3713 1319 3784 strictis,
1361 3723 1379 3750 ‘
1402 3716 1509 3794 qui
1536 3715 1962 3795 rempublicam
1983 3724 2048 3774 et
2071 3717 2442 3776 consulatum
2481 3717 2566 3778 ita
2603 3739 2804 3797 gerere
2839 3740 2982 3781 con·

1082 3811 1427 3882 stituissent,
1454 3820 1520 3871 ut
1544 3811 1838 3872 timendus
1875 3813 1964 3872 eis
1987 3821 2204 3893 praetor
2232 3813 2392 3874 Cato
2415 3815 2636 3878 fuerit.³
2720 3815 2986 3878 Domum

1083 3907 1219 3968 inde
1268 3907 1696 3987 digredientem
1746 3911 1936 3989 major
1992 3908 2310 3970 hominum·
2346 3911 2666 3975 multitudo
2707 3912 2984 3985 deduxit,

755 4027 875 4078 Dio
1084 4025 1263 4082 quam
1322 4025 1425 4064 eos
1491 4004 1666 4064 simul
1711 4025 1916 4065 omnes
1961 4005 2062 4086 qui
2121 4015 2294 4068 erant
2340 4018 2622 4090 praetores
2669 4009 2984 4072 declarati.

758 4093 957 4207 οΛΡΡΞΙ.
898 4107 1000 4142 ¹⁸¹²·
1084 4099 1373 4160 AEdilium
1398 4121 1537 4170 mox
1578 4103 1828 4162 comitia
1853 4102 2284 4164 turbulentiore,
2307 4104 2568 4166 fuerunt.
2651 4107 2868 4167 Caedes
2901 4108 2985 4170 ibi

797 4223 904 4272 vah
926 4223 1062 4273 Ma,
1085 4195 1268 4268 facta,
1315 4206 1555 4278 tamque
1601 4199 1963 4279 propinquus
2022 4199 2285 4280 periculo
2343 4201 2674 4284 Pompeius
2723 4202 2860 4275 fuit,
2919 4214 2988 4265 ut

628 4295 651 4308 ⁴*
756 4303 831 4340 Π·
853 4291 905 4338 6·
1087 4296 1265 4354 vestis
1306 4295 1437 4372 ejus
1484 4294 1670 4355 multo
1709 4297 1992 4375 sanguine
2036 4309 2482 4412 respergeretur.
2580 4301 2648 4362 Is
2691 4310 2986 4382 aspectus,
