3300 5234
744 578 921 647 5410

748 845 963 915 Appian-

1707 594 1782 647 ⁰1⁸.
1829 594 2026 647 mvn

1070 736 1221 799 siliis
1242 736 1355 811 uti,
1382 738 1487 821 qni
1512 738 1573 799 in
1602 740 1855 820 gratiam
1879 740 2046 822 pueri
2066 740 2086 769 ’
2107 738 2438 819 (Coesarem
2463 738 2738 819 notabat)
2765 744 2864 799 ‘se
2877 736 2972 798 af·

1072 835 1319 898 licerent
1342 838 1593 917 injuriis.
1679 836 1831 899 Dari
1856 838 2100 920 praemia
2123 837 2438 909 militibus,
2459 838 2564 917 qui
2603 856 2654 917 a„
2679 858 2744 896 se
2777 834 2974 895 desci-

1070 933 1311 1005 vissent,
1338 936 1437 995 cui
1462 934 1972 995 senatusconsulto
1997 942 2194 995 essent
2214 933 2378 995 dati:
2419 934 2609 993 minas
2635 932 2972 993 denuntiari

1072 1028 1163 1091 his
1180 1030 1285 1109 qui
1320 1038 1599 1091 maneant
1624 1032 1684 1091 in
1720 1030 1936 1091 officio.
2021 1030 2176 1091 Eam
2200 1050 2344 1091 vero
2367 1048 2490 1089 rem
2517 1038 2641 1090 tam
2679 1028 2761 1089 ad
2801 1048 2972 1089 suum

1072 1124 1535 1199 incommodum,
1580 1146 1764 1208 quam
1809 1126 2152 1209 reipublicoe
2181 1126 2617 1197 detrimentum,
2649 1124 2975 1206 depravata

1074 1221 1137 1281 in
1174 1230 1407 1283 tantum
1442 1221 1783 1304 disciplina,
1807 1224 2116 1305 pertinere.
2199 1222 2282 1283 Se
2303 1230 2502 1283 tamen
2529 1241 2830 1283 assensum
2849 1240 2974 1281 esse

1072 1318 1331 1380 decreta
1373 1318 1662 1379 oblivioni
1687 1302 1952 1401 ¹propter
2011 1320 2168 1381 viros
2205 1318 2358 1379 duos
2399 1318 2675 1391 Cassium
2709 1327 2778 1378 et
2821 1317 2976 1379 Bru-

1074 1424 1223 1475 tum.
1333 1414 1455 1475 Sed
1502 1414 1742 1496 quando
1777 1416 1902 1497 ipse
1947 1424 2012 1477 et
2069 1414 2397 1477 Dolabella
2435 1414 2690 1475 hostium
2733 1434 2978 1475 numero

1074 1510 1424 1583 habeantur,
1468 1530 1585 1572 non
1634 1510 1816 1572 aliem
1853 1512 1934 1572 ob
1963 1531 2227 1581 causam,
2263 1530 2442 1591 quam
2477 1512 2624 1591 quia
2651 1512 2794 1589 jure
2831 1509 2982 1569 data

1074 1608 1387 1681 retineant,
1424 1628 1489 1669 se
1528 1628 1770 1689 quoque
1817 1610 2043 1669 irritam
2081 1610 2418 1690 pactionem
2455 1608 2623 1669 illam
2664 1606 2982 1669 oblivionis

1074 1704 1293 1775 facere,
1320 1724 1501 1787 quam
1540 1703 1605 1765 hi
1640 1724 1894 1785 quorum
1919 1702 2476 1773 adbeneficiumea
2513 1724 2608 1765 res
2640 1705 2978 1785 pertineret,

1076 1804 1299 1885 priores
1326 1801 1687 1862 violassent.’

1157 1906 1257 1960 15.
1302 1896 1492 1959 Dedit
1517 1897 1734 1959 deinde
1759 1899 2022 1959 vicissim
2046 1898 2331 1961 mandata
2355 1898 2566 1961 iisdem
2599 1897 2812 1979 legatis
2845 1918 2978 1980 per-

1074 1994 1323 2056 ferenda
1354 1994 1627 2055 senatui:
1671 2014 2014 2074 quanquam
2059 2006 2124 2057 et
2163 1996 2292 2076 ipse
2318 1994 2580 2075 legatum
2607 1997 2876 2056 mitteret
2907 1992 2977 2053 L.

970 2118 1001 2151 ο
1078 2092 1334 2153 Varium
1360 2090 1672 2153 aedilitium
1699 2091 2018 2162 hominem,
2035 2100 2438 2172 compotorem
2461 2112 2652 2163 suum,
2677 2092 2778 2151 cui
2803 2110 2982 2173 prop-

972 2200 989 2217 ·
1076 2196 1168 2248 ter
1190 2206 1420 2249 morum
1460 2186 1886 2269 turpitudinem
1927 2196 2380 2266 cognomentum
2407 2196 2538 2247 erat
2577 2186 2830 2248 inditum
2857 2186 2979 2249 co-

1076 2286 1227 2368 tyla.
1314 2284 1744 2347 Mandatorum
1785 2304 1863 2345 ea
1897 2282 2014 2344 fuit
2035 2304 2289 2355 summa,
2333 2292 2352 2321 ⁸
2374 2283 2634 2345 futurum
2673 2304 2736 2344 se
2781 2284 2844 2343 in
2873 2302 2982 2363 po-

1076 2392 1290 2445 testate
1314 2390 1577 2453 senatus,
1604 2400 1805 2441 amore
1845 2381 2012 2462 pacis
2051 2388 2116 2441 et
2157 2381 2384 2463 patriae.
2469 2380 2772 2452 Ciceroni,
2799 2398 2840 2439 a
2863 2400 2984 2460 quo

1078 2478 1347 2561 profecta
1370 2479 1542 2551 sciat,
1570 2496 1710 2560 quae
1731 2477 1968 2537 nomine
2004 2486 2246 2538 senatus
2277 2478 2502 2559 scripta
2537 2476 2808 2547 fuissent,
2851 2477 2984 2537 hec

1076 2574 1429 2657 respondere
1464 2594 1481 2635 t
1524 2576 1639 2635 sibi
1685 2594 2024 2635 concessam
2065 2574 2382 2655 plebiscito
2426 2572 2718 2647 Galliam,
2760 2576 2984 2655 jusque

1076 2672 1287 2735 datum
1312 2672 1473 2733 bello
1502 2671 1820 2733 Decimum
1847 2671 2262 2753 persequendi,
2289 2671 2422 2751 lege
2443 2680 2742 2733 contemta
2773 2692 2988 2754 repug·
3123 2722 3132 2731 .

1078 2778 1341 2831 nantem.
1424 2768 1724 2849 Adeoque
1747 2768 1800 2829 si
1827 2776 2071 2849 perstet,
2098 2788 2302 2851 poenas
2327 2770 2406 2829 ab
2425 2788 2500 2829 eo
2523 2777 2848 2829 sumturum
2867 2789 2988 2829 nno

1079 2886 1489 2949 percussorum
1524 2886 1635 2949 pro
1675 2866 1970 2939 omnibus,
2003 2875 2073 2926 ut
2095 2866 2338 2926 tandem
2365 2866 2706 2927 exsolvatur
2745 2865 2984 2948 piaculo

1078 2973 1341 3037 senatus,
1366 2986 1489 3047 quo
1520 2984 1625 3047 per
1669 2965 2022 3028 Ciceronem
2061 2962 2320 3025 Decimo
2361 2964 2748 3047 opitulantem
2783 2984 2849 3025 se
2877 2964 2983 3025 ob-

1080 3062 1370 3140 stringat!
1440 3060 1617 3123 'Haec
1655 3059 1868 3140 legatis
1897 3070 2136 3122 senatus
2169 3061 2458 3141 injuncta.

787 3185 898 3237 cic.
926 3186 1058 3239 pm.
1168 3166 1265 3221 16.
1310 3157 1684 3221 Modestiora
1702 3178 1807 3242 per
1831 3158 2117 3231 Varium,
2139 3160 2390 3220 tectiora
2413 3168 2595 3232 certe,
2611 3160 2905 3221 nuntiavit
2921 3178 2939 3220 :
2953 3180 2987 3217 r

758 3256 1058 3304 'nm-0⁸⁹·
1082 3262 1101 3293 ‘
1126 3254 1561 3327 Provinciam?
1600 3256 1695 3317 his
1735 3256 1894 3317 enim
1916 3257 2116 3318 verbis
2143 3276 2282 3316 usus
2311 3265 2424 3329 est,
2465 3265 2486 3293 ‘
2506 3258 2773 3317 remitto:
2812 3276 2982 3318 exer-

1080 3353 1263 3412 citum
1288 3352 1561 3433 depono:
1604 3353 1872 3435 privatus
1913 3374 2040 3415 esse
2077 3373 2196 3415 non
2237 3373 2479 3415 recuso:
2521 3354 2719 3416 omnia
2741 3354 2982 3423 oblivis-

1078 3468 1221 3509 eor:
1264 3450 1325 3509 in
1350 3450 1602 3529 gratiam
1644 3448 1845 3521 redeo,
1871 3451 1924 3511 si
1967 3449 2304 3531 legionibus
2339 3452 2486 3512 meis
2520 3470 2650 3523 sex,
2693 3450 2744 3511 si
2767 3451 2984 3532 equiti-

1080 3548 1218 3620 bus,
1254 3548 1307 3607 si
1330 3547 1561 3608 cohorti
1586 3548 1878 3628 pretoriae
1904 3548 2166 3630 praedam
2206 3568 2526 3629 agrumque
2566 3548 2884 3609 dederitis:
2927 3556 2989 3608 et

1080 3646 1297 3725 quibus
1337 3658 1451 3724 ego
1496 3654 1680 3731 atque
1726 3635 2058 3707 Dolabella
2097 3645 2366 3707 dedimus
2401 3666 2596 3725 agros,
2641 3668 2746 3707 eos
2785 3656 2988 3707 tenere

1082 3742 1431 3823 patiamini!
1534 3741 1882 3805 Postulavit
1926 3752 2235 3825 praterea,
2278 3754 2298 3781 ‘
2337 3746 2424 3804 uti
2467 3743 2988 3827 chirographorum

1082 3849 1263 3919 atque
1288 3840 1842 3901 commentariorum
1870 3842 2130 3903 Caesaris
2169 3842 2416 3902 obtentu
2457 3840 2622 3901 sacta
2653 3862 2764 3901 sna
2807 3850 2990 3923 atque

1080 3933 1333 4015 eollegoe
1377 3935 1620 3997 decreta
1661 3946 2008 3997 manerent:
2069 3958 2146 3997 ne
2189 3946 2566 4017 tangerentur
2609 3938 2872 3999 rationes
2907 3936 2990 3997 nd

1084 4030 1279 4113 Opis:
1324 4052 1399 4093 ne
1423 4031 1617 4093 fraudi
1643 4042 1798 4095 esset
1821 4034 2192 4117 septemviris
2215 4054 2486 4115 agrorum
2507 4032 2988 4106 dividendorum,

1146 4220 1173 4258 t
1207 4212 1333 4264 Haee
1352 4216 1530 4279 beatis
1553 4222 1747 4267 amns
1763 4216 2001 4279 inissen-
2071 4222 2120 4269 8.
2143 4225 2200 4269 et
2217 4223 2297 4270 1⁰.
2327 4218 2587 4281 colligitur
2607 4220 2856 4271 mandata
2873 4219 2992 4271 hec

1080 4280 1381 4355 Mod-estiva
1412 4296 1499 4345 per
1534 4282 1734 4331 Varium
1749 4316 1766 4332 .
1785 4316 1802 4333 .
1821 4317 1836 4332 .
1855 4298 2004 4333 ‚nan-
2071 4298 2186 4348 qum
2209 4299 2242 4334 a
2266 4284 2622 4335 Freinshemio
2645 4300 2744 4349 per
2773 4287 2992 4337 Varium

1082 4344 1251 4407 tmere]
1292 4346 1434 4394 Nihil
1467 4346 1535 4395 de
1554 4346 1654 4397 hac
1677 4346 1998 4398 diversorum
2071 4349 2230 4399 allata
2266 4364 2388 4399 mox
2432 4358 2808 4413 memorantur,
2861 4351 2992 4415 ipsis

1082 4412 1445 4461 mandatorum
1466 4412 1727 4461 varietate
1751 4412 1890 4477 apud
1913 4414 1998 4463 Ci-
2069 4414 2263 4477 legstis
2309 4415 2378 4465 sb
2417 4414 2652 4467 Antonio
2697 4416 2822 4467 data
2853 4430 2990 4467 esse.

1083 4488 1347 4529 teronem.
1414 4476 1579 4527 Immo
1606 4490 1676 4527 ex
1713 4476 1852 4529 Phil.
1873 4490 1999 4531 vm.
2073 4480 2214 4531 Grec.
