3300 5234
674 556 859 626 5332
1624 576 1698 628 w.
1749 574 1940 625 mvn

707 732 812 781 Gne.
832 732 897 781 sd
1004 715 1349 779 Cordubam
1374 717 1675 800 profectus
1706 728 1820 792 est,
1857 721 2032 801 cnjus
2071 716 2334 783 adventu
2369 718 2659 802 Scapula,
2691 722 2922 803 prim

674 794 861 913 ffa-
1000 834 1203 877 eorum
1227 816 1586 877 tumultuum
1614 828 1844 891 auctor,
1879 815 2196 897 magnifice
2221 819 2384 899 prius
2409 818 2708 905 epulatus,
2723 801 2918 899 jugu-

706 926 857 976 Auct.
882 924 945 975 de
1001 912 1127 972 lum
1152 933 1323 974 servo
1350 915 1625 995 praebuit.
1711 914 2012 977 Cordubae
2033 934 2252 994 magna
2277 924 2409 976 erat
2422 914 2744 988 discordia,
2773 917 2921 998 ipsis

672 990 734 1104 Ξ·
764 992 909 1069 ΨΨ·
1000 1008 1219 1071 dedere
1244 1010 1623 1091 cupientibus
1661 1011 1965 1093 oppidum,
1993 1013 2396 1073 resistentibus
2419 1013 2624 1085 servis,
2662 1034 2920 1093 qnorum

704 1072 873 1171 Kffi‘
868 1089 963 1171 (⁰10.
1000 1105 1300 1185 ingentem
1344 1108 1471 1169 vim
1532 1106 1872 1189 Pompeius
1915 1116 2268 1171 armaverat.
2367 1108 2428 1169 Ii
2471 1128 2611 1171 cum
2646 1109 2920 1188 legiones

672 1184 736 1238 Β·
762 1185 907 1251 ³²⁸9·
999 1202 1256 1264 Caesaris
1296 1204 1487 1287 recipi
1540 1204 1840 1275 viderent,
1900 1203 2216 1265 incendere
2259 1205 2546 1285 oppidum
2591 1216 2918 1287 coeperunt.

999 1299 1122 1361 Sed
1146 1304 1411 1383 superati
1450 1322 1489 1362 a
1522 1300 1566 1361 J
1568 1302 1786 1362 ulianis
1815 1302 2112 1383 perierunt
2131 1303 2434 1363 hominum
2457 1304 2693 1363 circiter
2719 1302 2919 1365 millia

666 1398 789 1449 Dio.
994 1396 1115 1459 duo
1140 1407 1205 1460 et
1227 1399 1463 1478 viginti,
1484 1419 1601 1459 non
1629 1400 2068 1461 connumeratis
2091 1400 2197 1480 qui
2221 1407 2394 1460 extra
2419 1418 2651 1459 murum
2675 1399 2914 1461 cecide·

995 1504 1165 1559 rant:
1208 1496 1466 1577 reliquos
1493 1496 1698 1557 Caesar
1729 1494 2018 1557 vendidit.

699 1594 849 1673 Auqt.
873 1597 937 1647 de
1075 1599 1177 1653 68.
1223 1592 1379 1653 Inde
1408 1592 1724 1673 Hispalim
1752 1592 1921 1663 itum,
1949 1591 2198 1652 divisam
2243 1598 2306 1651 et
2345 1590 2536 1671 ipsam
2575 1590 2794 1655 studiis
2817 1604 2913 1657 at·-

664 1661 893 1777 ξὶοηιψ
920 1670 970 1713 ⁰⁸
996 1710 1116 1771 que
1162 1690 1539 1753 factionibus.
1639 1688 1836 1769 Igitur
1877 1710 2014 1750 cum
2063 1688 2246 1769 legati
2283 1688 2444 1749 missi
2475 1688 2560 1749 ad
2605 1690 2914 1757 caesarem

990 1788 1329 1869 presidium
1354 1786 1433 1847 ab
1460 1808 1533 1847 eo
1558 1787 2022 1868 praefectumque
2049 1786 2372 1847 Caninium
2413 1786 2908 1862 introduxissent,

990 1885 1179 1947 Philo
1204 1884 1471 1965 quidam,
1507 1882 2014 1965 Pompeianarum
2041 1885 2298 1965 partium
2335 1885 2655 1947 acerrimus
2692 1884 2908 1947 defen·

987 2001 1105 2052 sor,
1128 1980 1284 2042 clam
1310 1981 1389 2042 ad
1418 1980 1731 2042 Caecilium
1775 1981 2038 2061 Nigrum
2079 1979 2402 2062 profectus,
2445 2000 2782 2063 magnaque
2821 1984 2908 2045 ab

988 2098 1065 2138 eo
1090 2078 1509 2139 Lusitanorum
1546 2088 1799 2159 accepta
1837 2098 2040 2149 manu,
2080 2086 2260 2139 noctu
2303 2098 2410 2158 per
2446 2098 2682 2142 murum
2719 2079 2908 2142 intm-

988 2176 1200 2236 missus
1238 2184 1352 2247 est,
1382 2175 1758 2256 Caesarisque
1799 2176 2139 2257 praesidium
2185 2174 2498 2237 interfecit.
2584 2176 2814 2249 Caesar,
2851 2179 2908 2240 ni

985 2271 1256 2333 infestius
1286 2284 1660 2354 oppugnaret
1701 2272 2024 2344 obsessum,
2061 2290 2136 2337 ne
2173 2272 2460 2353 oppidum
2501 2293 2542 2336 a
2577 2272 2907 2354 desperatis

982 2368 1393 2431 incenderetur
1416 2370 1661 2441 veritus,
1685 2369 1960 2432 consulto
1997 2370 2234 2448 segnius
2273 2369 2676 2433 administrari
2699 2372 2908 2433 omnia

969 2466 1171 2545 jussit,
1217 2488 1341 2547 quo
1384 2487 1550 2549 spem
1588 2466 1794 2546 effugii
1839 2467 2132 2549 praeberet
2161 2466 2454 2528 hostibus.
2539 2465 2682 2527 Nec
2727 2466 2907 2531 aliter

977 2582 1159 2645 quam
1182 2566 1552 2643 cogitaverat
1574 2564 1843 2625 factum.
1909 2563 2251 2645 Eruperunt
2271 2563 2390 2635 illi,
2415 2572 2500 2637 et,
2527 2564 2786 2629 incensis
2817 2565 2903 2627 ad

975 2658 1197 2721 flumen
1227 2661 1450 2723 Baetim
1483 2662 1761 2731 navibus,
1805 2680 1925 2740 quo
1967 2660 2318 2722 distinerent
2352 2659 2650 2731 Julianus,
2693 2661 2903 2743 profu-1·

974 2758 1179 2836 giunt:
1209 2758 1313 2819 sed
1342 2779 1381 2819 a
1404 2758 1754 2839 praeparatis
1781 2752 1920 2818 ante
1945 2758 2248 2837 equitibus
2273 2757 2691 2819 conciduntur.

684 2859 827 2939 Auci.
852 2860 916 2911 de
1058 2860 1159 2916 59.
1206 2854 1313 2917 Sic
1355 2854 1605 2936 Hispali
1642 2863 1884 2935 recepta
1923 2873 2128 2915 versus
2161 2853 2383 2915 Astam
2407 2854 2713 2936 processit,
2739 2852 2902 2916 unde

650 2922 712 2973 Β·
736 2925 876 2993 ³¹⁸9·
973 2948 1161 3031 legati
1194 2962 1480 3013 venerant
1518 2950 1809 3033 oppidum
1853 2949 2179 3011 dedentes:
2221 2958 2284 3011 et
2327 2952 2390 3009 in
2429 2950 2636 3011 itinere
2663 2970 2900 3031 oppug-

973 3050 1129 3109 natis
1154 3069 1289 3130 quae
1328 3050 1706 3121 resistebant,
1749 3048 1830 3108 ad
1872 3047 2247 3108 Carteienses
2285 3046 2615 3118 contendit,
2640 3068 2898 3127 quorum

973 3145 1159 3225 legati
1205 3147 1571 3227 Pompeium
1612 3146 1674 3206 in
1717 3166 1831 3206 sua
1869 3153 2165 3227 potestate
2215 3164 2342 3205 esse
2387 3144 2896 3205 renuntiaverant.

974 3240 1099 3302 Sed
1126 3264 1199 3303 ea
1218 3264 1457 3325 quoque
1480 3244 1698 3305 civitas
1723 3242 2074 3304 discesserat
2099 3243 2158 3301 in
2187 3250 2410 3321 partes,
2435 3248 2520 3313 et,
2540 3260 2604 3303 re
2627 3241 2898 3319 cognita,

973 3348 1160 3419 portae
1186 3350 1323 3401 sunt
1347 3360 1386 3400 a
1411 3340 1808 3420 Pompeianis
1833 3347 2163 3419 occupatae.
2245 3336 2520 3400 Tandem
2545 3354 2764 3416 magna
2781 3356 2896 3397 ex-

969 3439 1159 3498 citata
1184 3438 1495 3509 seditione,
1523 3448 1585 3499 et
1609 3436 1778 3498 caede
1805 3435 1995 3508 edita,
2028 3436 2265 3497 saucius
2288 3435 2533 3497 humero
2558 3434 2898 3515 Pompeius

968 3555 1151 3596 naves
1177 3536 1421 3613 triginta
1446 3544 1705 3616 occupat
1725 3535 1954 3614 longas,
1981 3534 2176 3615 iisque
2214 3532 2498 3615 profugit.
2583 3531 2728 3603 Sed,
2757 3554 2894 3615 pre·-

968 3642 1165 3694 mente
1226 3632 1376 3705 fato,
1430 3633 1574 3693 dum
1614 3633 1914 3711 navigium
1959 3631 2326 3702 conscendit,
2366 3629 2636 3691 funiculo
2699 3632 2894 3692 irreti-

964 3732 1057 3790 vit
1102 3730 1336 3812 pedem,
1394 3740 1459 3791 et
1516 3729 1859 3791 accelerans
1899 3728 2168 3810 quidam,
2219 3728 2495 3809 ferroque
2538 3728 2892 3810 abrumpere

967 3826 1298 3888 funiculum
1348 3827 1579 3899 volens,
1640 3826 1942 3887 sinistrum
1988 3828 2120 3906 ejus
2173 3846 2309 3886 crus
2369 3825 2600 3887 incidit.
2703 3824 2892 3887 Gom·-

670 3930 817 3983 Auct.
840 3935 903 3985 de
966 3934 1135 4005 perta
1162 3926 1449 4005 Pompeii
1486 3924 1631 4003 fuga
1659 3922 1736 3984 C.
1768 3923 2041 3995 Didium,
2071 3924 2174 4003 qui
2203 3906 2486 3983 Gadibus
2512 3922 2690 3983 classi
2733 3942 2890 4004 prae-

637 3997 700 4045 Β·
724 3999 867 4065 ΗῘΒΡ·
963 4030 1115 4092 erat,
1148 4022 1459 4090 excitavit,
1491 4030 1558 4080 ut
1577 4022 1724 4079 mari
1753 4038 1888 4079 eum
1905 4028 2180 4099 terraque
2206 4028 2676 4099 persequeretur.
2761 4018 2890 4079 Sed

964 4117 1339 4198 Pompeiana
1388 4118 1615 4188 classis,
1644 4116 1824 4177 nullis
1868 4116 2044 4176 rebus
2089 4117 2332 4197 paratis„
2386 4114 2677 4197 profecta,
2730 4114 2889 4175 intra

962 4224 1243 4293 quartum
1300 4215 1482 4287 diem,
1532 4214 1873 4295 aquationis
1912 4232 2115 4284 causa,
2159 4212 2238 4274 ad
2285 4222 2568 4275 montana
2607 4212 2888 4294 quiedam

962 4310 1099 4370 loca
1128 4311 1439 4392 applicuit.
1526 4312 1621 4371 Eo
1648 4309 1783 4371 loco
1811 4309 2036 4370 Didius
2062 4311 2342 4385 occurrit,
2368 4319 2452 4380 et,
2473 4310 2726 4369 navibus
2751 4308 2886 4388 qui-

664 4464 806 4513 strab
837 4480 900 4515 m
962 4407 1213 4467 busdam
1244 4410 1520 4479 incensis,
1550 4407 1683 4467 aliis
1705 4407 1921 4489 captis,
1949 4407 2255 4487 praeclusit
2275 4408 2632 4469 maritimam
2657 4404 2882 4483 fugam.

634 4544 687 4593 p.
712 4533 827 4579 141.
1042 4510 1147 4565 60.
1191 4505 1520 4587 Pompeius
1544 4504 1780 4566 deserta
1804 4511 1866 4564 et
1890 4503 2029 4576 avia
2066 4514 2296 4585 petens,
2335 4513 2650 4587 postquam
2676 4501 2884 4563 adesse

636 3639 757 3692 Dio.

638 3705 857 3772 Appian.
