<?xml version="1.0" encoding="UTF-8"?>
<!DOCTYPE html PUBLIC "-//W3C//DTD XHTML 1.0 Transitional//EN"
    "http://www.w3.org/TR/xhtml1/DTD/xhtml1-transitional.dtd">
<html xmlns="http://www.w3.org/1999/xhtml" xml:lang="en" lang="en">
 <head>
  <title>
</title>
<meta http-equiv="Content-Type" content="text/html;charset=utf-8" />
  <meta name='ocr-system' content='tesseract 3.04.00' />
  <meta name='ocr-capabilities' content='ocr_page ocr_carea ocr_par ocr_line ocrx_word'/>
</head>
<body>
  <div class='ocr_page' id='page_1' title='image "./tliviipatavinih35unkngoog/tliviipatavinih35unkngoog_0208.png"; bbox 0 0 3300 5234; ppageno 0'>
   <div class='ocr_carea' id='block_1_1' title="bbox 735 534 2069 631">
    <p class='ocr_par' dir='ltr' id='par_1_1' title="bbox 735 534 2069 631">
     <span class='ocr_line' id='line_1_1' title="bbox 735 534 2069 631; baseline -0.004 -31"><span class='ocrx_word' id='word_1_1' title='bbox 735 618 748 631; x_wconf 45' lang='grc'><em>,</em></span> <span class='ocrx_word' id='word_1_2' title='bbox 785 534 963 601; x_wconf 76' lang='grc'><strong>5150</strong></span> <span class='ocrx_word' id='word_1_3' title='bbox 1761 548 1831 595; x_wconf 80' lang='grc' dir='ltr'><strong>τ.</strong></span> <span class='ocrx_word' id='word_1_4' title='bbox 1882 546 2069 595; x_wconf 72' lang='lat' dir='ltr'><strong>nivii</strong></span> 
     </span>
    </p>
   </div>
   <div class='ocr_carea' id='block_1_2' title="bbox 791 669 3021 968">
    <p class='ocr_par' dir='ltr' id='par_1_2' title="bbox 791 669 3021 968">
     <span class='ocr_line' id='line_1_2' title="bbox 791 669 3020 774; baseline -0.003 -15"><span class='ocrx_word' id='word_1_5' title='bbox 791 709 922 761; x_wconf 81' lang='lat' dir='ltr'><strong>vell.</strong></span> <span class='ocrx_word' id='word_1_6' title='bbox 935 709 1096 761; x_wconf 69' lang='lat'><strong>1149.</strong></span> <span class='ocrx_word' id='word_1_7' title='bbox 1118 691 1246 753; x_wconf 87' lang='lat' dir='ltr'><strong>tulo</strong></span> <span class='ocrx_word' id='word_1_8' title='bbox 1287 669 1606 773; x_wconf 59' lang='lat' dir='ltr'><strong>prasertim</strong></span> <span class='ocrx_word' id='word_1_9' title='bbox 1647 690 2037 773; x_wconf 74' lang='lat' dir='ltr'><strong>implacabili,</strong></span> <span class='ocrx_word' id='word_1_10' title='bbox 2072 690 2201 771; x_wconf 90' lang='lat' dir='ltr'><strong>qui,</strong></span> <span class='ocrx_word' id='word_1_11' title='bbox 2240 690 2412 755; x_wconf 79' lang='lat' dir='ltr'><strong>salva</strong></span> <span class='ocrx_word' id='word_1_12' title='bbox 2452 688 2779 774; x_wconf 73' lang='lat' dir='ltr'><strong>republica,</strong></span> <span class='ocrx_word' id='word_1_13' title='bbox 2813 690 3020 755; x_wconf 61' lang='lat' dir='ltr'><strong>edwi</strong></span> 
     </span>
     <span class='ocr_line' id='line_1_3' title="bbox 1031 788 3021 870; baseline 0.001 -21"><span class='ocrx_word' id='word_1_14' title='bbox 1031 830 1040 839; x_wconf 86' lang='lat'>-</span> <span class='ocrx_word' id='word_1_15' title='bbox 1117 810 1244 849; x_wconf 83' lang='lat' dir='ltr'><strong>esse</strong></span> <span class='ocrx_word' id='word_1_16' title='bbox 1269 810 1386 849; x_wconf 90' lang='lat' dir='ltr'><strong>non</strong></span> <span class='ocrx_word' id='word_1_17' title='bbox 1413 796 1681 869; x_wconf 83' lang='lat' dir='ltr'><strong>poterat;</strong></span> <span class='ocrx_word' id='word_1_18' title='bbox 1722 798 1787 849; x_wconf 90' lang='lat' dir='ltr'><strong>et</strong></span> <span class='ocrx_word' id='word_1_19' title='bbox 1824 788 1919 849; x_wconf 90' lang='grc' dir='ltr'><strong>Μ.</strong></span> <span class='ocrx_word' id='word_1_20' title='bbox 1949 788 2206 863; x_wconf 82' lang='lat' dir='ltr'><strong>Catone,</strong></span> <span class='ocrx_word' id='word_1_21' title='bbox 2240 798 2493 870; x_wconf 75' lang='lat' dir='ltr'><strong>negante</strong></span> <span class='ocrx_word' id='word_1_22' title='bbox 2526 790 2820 851; x_wconf 80' lang='lat' dir='ltr'><strong>facturum</strong></span> <span class='ocrx_word' id='word_1_23' title='bbox 2858 788 3021 851; x_wconf 80' lang='lat' dir='ltr'><strong>ullas</strong></span> 
     </span>
     <span class='ocr_line' id='line_1_4' title="bbox 1115 886 1891 968; baseline 0.003 -23"><span class='ocrx_word' id='word_1_24' title='bbox 1115 886 1193 946; x_wconf 88' lang='lat' dir='ltr'><strong>de</strong></span> <span class='ocrx_word' id='word_1_25' title='bbox 1229 887 1536 967; x_wconf 76' lang='lat' dir='ltr'><strong>republica</strong></span> <span class='ocrx_word' id='word_1_26' title='bbox 1569 886 1891 968; x_wconf 75' lang='lat' dir='ltr'><strong>pactiones.</strong></span> 
     </span>
    </p>
   </div>
   <div class='ocr_carea' id='block_1_3' title="bbox 825 981 3021 1067">
    <p class='ocr_par' dir='ltr' id='par_1_3' title="bbox 825 981 3021 1067">
     <span class='ocr_line' id='line_1_5' title="bbox 825 981 3021 1067; baseline 0.003 -29"><span class='ocrx_word' id='word_1_27' title='bbox 825 990 952 1067; x_wconf 44' lang='lat' dir='ltr'><strong>cau..</strong></span> <span class='ocrx_word' id='word_1_28' title='bbox 973 990 1039 1039; x_wconf 76' lang='lat' dir='ltr'><strong>de</strong></span> <span class='ocrx_word' id='word_1_29' title='bbox 1199 990 1298 1043; x_wconf 87' lang='grc'><strong>31.</strong></span> <span class='ocrx_word' id='word_1_30' title='bbox 1327 982 1496 1050; x_wconf 82' lang='lat' dir='ltr'><strong>Quin</strong></span> <span class='ocrx_word' id='word_1_31' title='bbox 1517 1004 1709 1064; x_wconf 88' lang='lat' dir='ltr'><strong>neque</strong></span> <span class='ocrx_word' id='word_1_32' title='bbox 1726 982 1925 1045; x_wconf 82' lang='lat' dir='ltr'><strong>literas</strong></span> <span class='ocrx_word' id='word_1_33' title='bbox 1940 981 2240 1044; x_wconf 79' lang='lat' dir='ltr'><strong>Coesaris</strong></span> <span class='ocrx_word' id='word_1_34' title='bbox 2222 1004 2281 1043; x_wconf 85' lang='grc' dir='ltr'><strong>ιιι</strong></span> <span class='ocrx_word' id='word_1_35' title='bbox 2304 990 2513 1044; x_wconf 84' lang='lat' dir='ltr'><strong>senatu</strong></span> <span class='ocrx_word' id='word_1_36' title='bbox 2534 983 2781 1045; x_wconf 85' lang='lat' dir='ltr'><strong>recitare</strong></span> <span class='ocrx_word' id='word_1_37' title='bbox 2802 1004 3021 1045; x_wconf 85' lang='lat' dir='ltr'><strong>consu-</strong></span> 
     </span>
    </p>
   </div>
   <div class='ocr_carea' id='block_1_4' title="bbox 724 1056 3029 1685">
    <p class='ocr_par' dir='ltr' id='par_1_4' title="bbox 724 1056 3029 1685">
     <span class='ocr_line' id='line_1_6' title="bbox 793 1056 3027 1170; baseline -0 -28"><span class='ocrx_word' id='word_1_38' title='bbox 793 1056 922 1170; x_wconf 49' lang='lat'><em>1¹33?</em></span> <span class='ocrx_word' id='word_1_39' title='bbox 924 1070 992 1106; x_wconf 54' lang='grc' dir='ltr'><strong>ι’·</strong></span> <span class='ocrx_word' id='word_1_40' title='bbox 1021 1070 1062 1103; x_wconf 77' lang='lat'><strong>¹⁶</strong></span> <span class='ocrx_word' id='word_1_41' title='bbox 1119 1079 1206 1143; x_wconf 88' lang='lat' dir='ltr'><strong>les</strong></span> <span class='ocrx_word' id='word_1_42' title='bbox 1229 1072 1546 1151; x_wconf 78' lang='lat' dir='ltr'><strong>volebant,</strong></span> <span class='ocrx_word' id='word_1_43' title='bbox 1575 1100 1917 1161; x_wconf 74' lang='lat' dir='ltr'><strong>quanquam</strong></span> <span class='ocrx_word' id='word_1_44' title='bbox 1943 1080 2149 1153; x_wconf 84' lang='lat' dir='ltr'><strong>Curio,</strong></span> <span class='ocrx_word' id='word_1_45' title='bbox 2170 1102 2245 1141; x_wconf 91' lang='lat' dir='ltr'><strong>ne</strong></span> <span class='ocrx_word' id='word_1_46' title='bbox 2268 1081 2785 1163; x_wconf 77' lang='lat' dir='ltr'><strong>supprimerentur,</strong></span> <span class='ocrx_word' id='word_1_47' title='bbox 2805 1083 2868 1141; x_wconf 90' lang='lat' dir='ltr'><strong>in</strong></span> <span class='ocrx_word' id='word_1_48' title='bbox 2888 1083 3027 1163; x_wconf 81' lang='lat' dir='ltr'><strong>ipsa</strong></span> 
     </span>
     <span class='ocr_line' id='line_1_7' title="bbox 791 1156 3025 1258; baseline 0.002 -23"><span class='ocrx_word' id='word_1_49' title='bbox 791 1156 932 1235; x_wconf 77' lang='grc' dir='ltr'><strong>Ριιιιῖ.</strong></span> <span class='ocrx_word' id='word_1_50' title='bbox 1117 1176 1284 1239; x_wconf 85' lang='lat' dir='ltr'><strong>curia</strong></span> <span class='ocrx_word' id='word_1_51' title='bbox 1306 1178 1698 1240; x_wconf 86' lang='lat' dir='ltr'><strong>exhibuerat:</strong></span> <span class='ocrx_word' id='word_1_52' title='bbox 1738 1177 1930 1239; x_wconf 88' lang='lat' dir='ltr'><strong>donec</strong></span> <span class='ocrx_word' id='word_1_53' title='bbox 1962 1178 2045 1246; x_wconf 83' lang='lat' dir='ltr'><strong>Q.</strong></span> <span class='ocrx_word' id='word_1_54' title='bbox 2072 1178 2317 1239; x_wconf 77' lang='lat' dir='ltr'><strong>Cassius</strong></span> <span class='ocrx_word' id='word_1_55' title='bbox 2342 1179 2663 1258; x_wconf 75' lang='lat' dir='ltr'><strong>Longinus,</strong></span> <span class='ocrx_word' id='word_1_56' title='bbox 2692 1178 2787 1239; x_wconf 90' lang='grc' dir='ltr'><strong>Μ.</strong></span> <span class='ocrx_word' id='word_1_57' title='bbox 2814 1178 3025 1239; x_wconf 85' lang='lat' dir='ltr'><strong>Anto-</strong></span> 
     </span>
     <span class='ocr_line' id='line_1_8' title="bbox 797 1250 3027 1358; baseline 0.001 -24"><span class='ocrx_word' id='word_1_58' title='bbox 797 1250 988 1300; x_wconf 62' lang='lat' dir='ltr'><strong>Anm·</strong></span> <span class='ocrx_word' id='word_1_59' title='bbox 1121 1274 1252 1335; x_wconf 88' lang='lat' dir='ltr'><strong>nius</strong></span> <span class='ocrx_word' id='word_1_60' title='bbox 1275 1275 1491 1337; x_wconf 88' lang='lat' dir='ltr'><strong>tribuni</strong></span> <span class='ocrx_word' id='word_1_61' title='bbox 1533 1274 1725 1358; x_wconf 88' lang='lat' dir='ltr'><strong>plebis</strong></span> <span class='ocrx_word' id='word_1_62' title='bbox 1748 1276 1983 1336; x_wconf 83' lang='lat' dir='ltr'><strong>recitari</strong></span> <span class='ocrx_word' id='word_1_63' title='bbox 2010 1275 2244 1357; x_wconf 88' lang='lat' dir='ltr'><strong>publice</strong></span> <span class='ocrx_word' id='word_1_64' title='bbox 2272 1278 2597 1357; x_wconf 83' lang='lat' dir='ltr'><strong>jusserunt.</strong></span> <span class='ocrx_word' id='word_1_65' title='bbox 2680 1276 2875 1337; x_wconf 83' lang='lat' dir='ltr'><strong>Erant</strong></span> <span class='ocrx_word' id='word_1_66' title='bbox 2898 1276 3027 1336; x_wconf 74' lang='lat' dir='ltr'><strong>illue</strong></span> 
     </span>
     <span class='ocr_line' id='line_1_9' title="bbox 772 1372 3029 1455; baseline -0.002 -18"><span class='ocrx_word' id='word_1_67' title='bbox 772 1428 782 1437; x_wconf 80' lang='grc'>,</span> <span class='ocrx_word' id='word_1_68' title='bbox 827 1377 937 1427; x_wconf 81' lang='lat' dir='ltr'><strong>cic.</strong></span> <span class='ocrx_word' id='word_1_69' title='bbox 961 1374 1027 1426; x_wconf 78' lang='lat' dir='ltr'><strong>ad</strong></span> <span class='ocrx_word' id='word_1_70' title='bbox 1119 1381 1322 1432; x_wconf 83' lang='lat' dir='ltr'><strong>cetera</strong></span> <span class='ocrx_word' id='word_1_71' title='bbox 1369 1372 1610 1453; x_wconf 90' lang='lat' dir='ltr'><strong>quidem</strong></span> <span class='ocrx_word' id='word_1_72' title='bbox 1664 1372 1955 1435; x_wconf 72' lang='lat' dir='ltr'><strong>lenissime</strong></span> <span class='ocrx_word' id='word_1_73' title='bbox 2004 1374 2273 1455; x_wconf 58' lang='lat' dir='ltr'><strong>scriptun</strong></span> <span class='ocrx_word' id='word_1_74' title='bbox 2330 1372 2434 1433; x_wconf 84' lang='lat' dir='ltr'><strong>sed</strong></span> <span class='ocrx_word' id='word_1_75' title='bbox 2486 1382 2780 1454; x_wconf 83' lang='lat' dir='ltr'><strong>postrema</strong></span> <span class='ocrx_word' id='word_1_76' title='bbox 2836 1373 3029 1434; x_wconf 72' lang='lat' dir='ltr'><strong>verba</strong></span> 
     </span>
     <span class='ocr_line' id='line_1_10' title="bbox 724 1442 3028 1557; baseline 0 -29"><span class='ocrx_word' id='word_1_77' title='bbox 724 1534 730 1549; x_wconf 38' lang='lat'>¹</span> <span class='ocrx_word' id='word_1_78' title='bbox 766 1442 932 1557; x_wconf 44' lang='grc' dir='ltr'><strong>’ἔξω</strong></span> <span class='ocrx_word' id='word_1_79' title='bbox 958 1457 1091 1499; x_wconf 58' lang='lat' dir='ltr'><strong>&#39;m‘</strong></span> <span class='ocrx_word' id='word_1_80' title='bbox 1123 1468 1467 1539; x_wconf 83' lang='lat' dir='ltr'><strong>effecerant,</strong></span> <span class='ocrx_word' id='word_1_81' title='bbox 1493 1478 1562 1529; x_wconf 92' lang='lat' dir='ltr'><strong>ut</strong></span> <span class='ocrx_word' id='word_1_82' title='bbox 1589 1470 1851 1530; x_wconf 75' lang='lat' dir='ltr'><strong>minaces</strong></span> <span class='ocrx_word' id='word_1_83' title='bbox 1886 1478 1949 1530; x_wconf 87' lang='lat' dir='ltr'><strong>et</strong></span> <span class='ocrx_word' id='word_1_84' title='bbox 1978 1470 2209 1530; x_wconf 62' lang='lat' dir='ltr'><strong>acerbae</strong></span> <span class='ocrx_word' id='word_1_85' title='bbox 2248 1468 2607 1531; x_wconf 83' lang='lat' dir='ltr'><strong>viderentur.</strong></span> <span class='ocrx_word' id='word_1_86' title='bbox 2690 1467 2853 1529; x_wconf 87' lang='lat' dir='ltr'><strong>Sane</strong></span> <span class='ocrx_word' id='word_1_87' title='bbox 2886 1488 3028 1530; x_wconf 89' lang='lat' dir='ltr'><strong>cum</strong></span> 
     </span>
     <span class='ocr_line' id='line_1_11' title="bbox 799 1564 3029 1685; baseline 0.003 -65"><span class='ocrx_word' id='word_1_88' title='bbox 799 1570 1015 1685; x_wconf 55' lang='lat' dir='ltr'><strong>ssppian.</strong></span> <span class='ocrx_word' id='word_1_89' title='bbox 1123 1568 1531 1638; x_wconf 86' lang='lat' dir='ltr'><strong>recitarentur,</strong></span> <span class='ocrx_word' id='word_1_90' title='bbox 1567 1565 1791 1627; x_wconf 88' lang='lat' dir='ltr'><strong>bellum</strong></span> <span class='ocrx_word' id='word_1_91' title='bbox 1830 1566 1992 1629; x_wconf 87' lang='lat' dir='ltr'><strong>haud</strong></span> <span class='ocrx_word' id='word_1_92' title='bbox 2026 1568 2273 1629; x_wconf 84' lang='lat' dir='ltr'><strong>obscure</strong></span> <span class='ocrx_word' id='word_1_93' title='bbox 2313 1564 2643 1627; x_wconf 85' lang='lat' dir='ltr'><strong>denuntiari</strong></span> <span class='ocrx_word' id='word_1_94' title='bbox 2682 1566 3029 1627; x_wconf 82' lang='lat' dir='ltr'><strong>conclama-</strong></span> 
     </span>
    </p>
   </div>
   <div class='ocr_carea' id='block_1_5' title="bbox 807 1661 3145 3676">
    <p class='ocr_par' dir='ltr' id='par_1_5' title="bbox 807 1661 3145 3676">
     <span class='ocr_line' id='line_1_12' title="bbox 1125 1661 3031 1743; baseline 0.001 -21"><span class='ocrx_word' id='word_1_95' title='bbox 1125 1672 1252 1723; x_wconf 89' lang='lat' dir='ltr'><strong>tum</strong></span> <span class='ocrx_word' id='word_1_96' title='bbox 1277 1672 1390 1723; x_wconf 78' lang='lat' dir='ltr'><strong>est.</strong></span> <span class='ocrx_word' id='word_1_97' title='bbox 1471 1662 1875 1740; x_wconf 77' lang='lat' dir='ltr'><strong>Secessionem</strong></span> <span class='ocrx_word' id='word_1_98' title='bbox 1916 1662 2133 1725; x_wconf 89' lang='lat' dir='ltr'><strong>deinde</strong></span> <span class='ocrx_word' id='word_1_99' title='bbox 2171 1663 2369 1723; x_wconf 83' lang='lat' dir='ltr'><strong>facere</strong></span> <span class='ocrx_word' id='word_1_100' title='bbox 2406 1661 2675 1723; x_wconf 85' lang='lat' dir='ltr'><strong>consules</strong></span> <span class='ocrx_word' id='word_1_101' title='bbox 2714 1672 3031 1743; x_wconf 85' lang='lat' dir='ltr'><strong>ceperunt,</strong></span> 
     </span>
     <span class='ocr_line' id='line_1_13' title="bbox 1125 1758 3032 1832; baseline -0.001 -10"><span class='ocrx_word' id='word_1_102' title='bbox 1125 1761 1300 1822; x_wconf 82' lang='lat' dir='ltr'><strong>veriti</strong></span> <span class='ocrx_word' id='word_1_103' title='bbox 1332 1779 1406 1819; x_wconf 90' lang='lat' dir='ltr'><strong>ne</strong></span> <span class='ocrx_word' id='word_1_104' title='bbox 1447 1758 1622 1832; x_wconf 84' lang='lat' dir='ltr'><strong>forte,</strong></span> <span class='ocrx_word' id='word_1_105' title='bbox 1655 1761 1706 1821; x_wconf 88' lang='lat' dir='ltr'><strong>si</strong></span> <span class='ocrx_word' id='word_1_106' title='bbox 1735 1781 1884 1823; x_wconf 82' lang='lat' dir='ltr'><strong>voce</strong></span> <span class='ocrx_word' id='word_1_107' title='bbox 1919 1762 2223 1822; x_wconf 68' lang='lat' dir='ltr'><strong>sententiae</strong></span> <span class='ocrx_word' id='word_1_108' title='bbox 2254 1760 2611 1831; x_wconf 75' lang='lat' dir='ltr'><strong>dicerentur,</strong></span> <span class='ocrx_word' id='word_1_109' title='bbox 2646 1760 2818 1821; x_wconf 89' lang='lat' dir='ltr'><strong>multi</strong></span> <span class='ocrx_word' id='word_1_110' title='bbox 2858 1780 3032 1821; x_wconf 82' lang='lat' dir='ltr'><strong>vere-</strong></span> 
     </span>
     <span class='ocr_line' id='line_1_14' title="bbox 1125 1856 3031 1937; baseline -0.001 -19"><span class='ocrx_word' id='word_1_111' title='bbox 1125 1856 1366 1929; x_wconf 83' lang='lat' dir='ltr'><strong>cundia,</strong></span> <span class='ocrx_word' id='word_1_112' title='bbox 1391 1857 1591 1937; x_wconf 85' lang='lat' dir='ltr'><strong>plures</strong></span> <span class='ocrx_word' id='word_1_113' title='bbox 1623 1866 1785 1917; x_wconf 83' lang='lat' dir='ltr'><strong>metu</strong></span> <span class='ocrx_word' id='word_1_114' title='bbox 1822 1857 2088 1918; x_wconf 78' lang='lat' dir='ltr'><strong>Caesaris</strong></span> <span class='ocrx_word' id='word_1_115' title='bbox 2122 1858 2321 1919; x_wconf 83' lang='lat' dir='ltr'><strong>mitius</strong></span> <span class='ocrx_word' id='word_1_116' title='bbox 2352 1866 2679 1919; x_wconf 82' lang='lat' dir='ltr'><strong>censerent.</strong></span> <span class='ocrx_word' id='word_1_117' title='bbox 2762 1856 2864 1917; x_wconf 87' lang='lat' dir='ltr'><strong>Ibi</strong></span> <span class='ocrx_word' id='word_1_118' title='bbox 2888 1876 3031 1917; x_wconf 84' lang='lat' dir='ltr'><strong>cum</strong></span> 
     </span>
     <span class='ocr_line' id='line_1_15' title="bbox 1126 1950 3033 2035; baseline 0 -22"><span class='ocrx_word' id='word_1_119' title='bbox 1126 1953 1204 2013; x_wconf 92' lang='lat' dir='ltr'><strong>de</strong></span> <span class='ocrx_word' id='word_1_120' title='bbox 1227 1951 1466 2013; x_wconf 70' lang='lat' dir='ltr'><strong>Gaesare</strong></span> <span class='ocrx_word' id='word_1_121' title='bbox 1493 1950 1824 2025; x_wconf 78' lang='lat' dir='ltr'><strong>referretur,</strong></span> <span class='ocrx_word' id='word_1_122' title='bbox 1850 1962 1866 1989; x_wconf 78' lang='lat'><em>⁶</em></span> <span class='ocrx_word' id='word_1_123' title='bbox 1888 1954 2155 2035; x_wconf 88' lang='lat' dir='ltr'><strong>ipsumne</strong></span> <span class='ocrx_word' id='word_1_124' title='bbox 2174 1974 2389 2035; x_wconf 87' lang='lat' dir='ltr'><strong>ponere</strong></span> <span class='ocrx_word' id='word_1_125' title='bbox 2405 1954 2711 2034; x_wconf 86' lang='lat' dir='ltr'><strong>imperium</strong></span> <span class='ocrx_word' id='word_1_126' title='bbox 2729 1952 2997 2015; x_wconf 76' lang='lat' dir='ltr'><strong>vellent?</strong></span> <span class='ocrx_word' id='word_1_127' title='bbox 3014 1954 3033 1983; x_wconf 79' lang='lat'><strong><em>⁹</em></strong></span> 
     </span>
     <span class='ocr_line' id='line_1_16' title="bbox 1127 2049 3033 2131; baseline 0 -21"><span class='ocrx_word' id='word_1_128' title='bbox 1127 2050 1192 2110; x_wconf 91' lang='lat' dir='ltr'><strong>in</strong></span> <span class='ocrx_word' id='word_1_129' title='bbox 1245 2069 1379 2110; x_wconf 84' lang='lat' dir='ltr'><strong>eam</strong></span> <span class='ocrx_word' id='word_1_130' title='bbox 1429 2058 1657 2131; x_wconf 84' lang='lat' dir='ltr'><strong>partem</strong></span> <span class='ocrx_word' id='word_1_131' title='bbox 1708 2070 1909 2111; x_wconf 87' lang='lat' dir='ltr'><strong>omnes</strong></span> <span class='ocrx_word' id='word_1_132' title='bbox 1956 2049 2381 2120; x_wconf 77' lang='lat' dir='ltr'><strong>discesserunt3</strong></span> <span class='ocrx_word' id='word_1_133' title='bbox 2442 2050 2806 2131; x_wconf 85' lang='lat' dir='ltr'><strong>Pompeium</strong></span> <span class='ocrx_word' id='word_1_134' title='bbox 2856 2068 3033 2111; x_wconf 91' lang='lat' dir='ltr'><strong>nemo</strong></span> 
     </span>
     <span class='ocr_line' id='line_1_17' title="bbox 1127 2144 3035 2221; baseline 0 -14"><span class='ocrx_word' id='word_1_135' title='bbox 1127 2146 1404 2207; x_wconf 79' lang='lat' dir='ltr'><strong>sustinuit</strong></span> <span class='ocrx_word' id='word_1_136' title='bbox 1451 2144 1786 2207; x_wconf 79' lang='lat' dir='ltr'><strong>offendere:</strong></span> <span class='ocrx_word' id='word_1_137' title='bbox 1853 2156 2113 2208; x_wconf 85' lang='lat' dir='ltr'><strong>armatus</strong></span> <span class='ocrx_word' id='word_1_138' title='bbox 2158 2146 2315 2209; x_wconf 90' lang='lat' dir='ltr'><strong>enim</strong></span> <span class='ocrx_word' id='word_1_139' title='bbox 2368 2146 2491 2218; x_wconf 87' lang='lat' dir='ltr'><strong>hic,</strong></span> <span class='ocrx_word' id='word_1_140' title='bbox 2539 2155 2603 2207; x_wconf 91' lang='lat' dir='ltr'><strong>et</strong></span> <span class='ocrx_word' id='word_1_141' title='bbox 2660 2145 2741 2207; x_wconf 88' lang='lat' dir='ltr'><strong>ad</strong></span> <span class='ocrx_word' id='word_1_142' title='bbox 2794 2144 3035 2221; x_wconf 76' lang='lat' dir='ltr'><strong>Urbem</strong></span> 
     </span>
     <span class='ocr_line' id='line_1_18' title="bbox 1127 2246 2713 2303; baseline 0 0"><span class='ocrx_word' id='word_1_143' title='bbox 1127 2251 1275 2303; x_wconf 79' lang='lat' dir='ltr'><strong>erat.</strong></span> <span class='ocrx_word' id='word_1_144' title='bbox 2702 2246 2713 2263; x_wconf 82' lang='lat'><strong><em>⁴</em></strong></span> 
     </span>
     <span class='ocr_line' id='line_1_19' title="bbox 807 2333 3034 2401; baseline 0 -1"><span class='ocrx_word' id='word_1_145' title='bbox 807 2333 932 2385; x_wconf 73' lang='lat'>0⁸⁸⁸·</span> <span class='ocrx_word' id='word_1_146' title='bbox 1122 2375 1128 2381; x_wconf 92' lang='lat'><em>-</em></span> <span class='ocrx_word' id='word_1_147' title='bbox 1209 2346 1312 2400; x_wconf 79' lang='lat'><strong>32.</strong></span> <span class='ocrx_word' id='word_1_148' title='bbox 1355 2337 1603 2401; x_wconf 84' lang='lat' dir='ltr'><strong>Marcus</strong></span> <span class='ocrx_word' id='word_1_149' title='bbox 1625 2347 1825 2401; x_wconf 82' lang='lat' dir='ltr'><strong>tamen</strong></span> <span class='ocrx_word' id='word_1_150' title='bbox 1854 2336 2181 2399; x_wconf 75' lang='lat' dir='ltr'><strong>Marcellus</strong></span> <span class='ocrx_word' id='word_1_151' title='bbox 2214 2358 2334 2398; x_wconf 89' lang='lat' dir='ltr'><strong>non</strong></span> <span class='ocrx_word' id='word_1_152' title='bbox 2377 2346 2515 2399; x_wconf 85' lang='lat' dir='ltr'><strong>ante</strong></span> <span class='ocrx_word' id='word_1_153' title='bbox 2553 2338 2929 2399; x_wconf 83' lang='lat' dir='ltr'><strong>referendum</strong></span> <span class='ocrx_word' id='word_1_154' title='bbox 2954 2338 3034 2400; x_wconf 87' lang='lat' dir='ltr'><strong>de</strong></span> 
     </span>
     <span class='ocr_line' id='line_1_20' title="bbox 1130 2433 3037 2516; baseline 0.001 -21"><span class='ocrx_word' id='word_1_155' title='bbox 1130 2434 1435 2515; x_wconf 76' lang='lat' dir='ltr'><strong>republica</strong></span> <span class='ocrx_word' id='word_1_156' title='bbox 1470 2437 1724 2508; x_wconf 79' lang='lat' dir='ltr'><strong>censuit,</strong></span> <span class='ocrx_word' id='word_1_157' title='bbox 1748 2456 1929 2516; x_wconf 87' lang='lat' dir='ltr'><strong>quam</strong></span> <span class='ocrx_word' id='word_1_158' title='bbox 1970 2433 2305 2515; x_wconf 78' lang='lat' dir='ltr'><strong>praesidium</strong></span> <span class='ocrx_word' id='word_1_159' title='bbox 2332 2438 2577 2495; x_wconf 68' lang='lat' dir='ltr'><strong>‘senatus</strong></span> <span class='ocrx_word' id='word_1_160' title='bbox 2611 2434 2877 2507; x_wconf 83' lang='lat' dir='ltr'><strong>haberet,</strong></span> <span class='ocrx_word' id='word_1_161' title='bbox 2904 2444 3037 2497; x_wconf 87' lang='lat' dir='ltr'><strong>tuto</strong></span> 
     </span>
     <span class='ocr_line' id='line_1_21' title="bbox 1130 2530 3035 2611; baseline 0.001 -20"><span class='ocrx_word' id='word_1_162' title='bbox 1130 2540 1197 2591; x_wconf 90' lang='lat' dir='ltr'><strong>et</strong></span> <span class='ocrx_word' id='word_1_163' title='bbox 1241 2532 1453 2603; x_wconf 89' lang='lat' dir='ltr'><strong>libere,</strong></span> <span class='ocrx_word' id='word_1_164' title='bbox 1493 2551 1630 2611; x_wconf 80' lang='lat' dir='ltr'><strong>quae</strong></span> <span class='ocrx_word' id='word_1_165' title='bbox 1673 2532 1883 2604; x_wconf 77' lang='lat' dir='ltr'><strong>vellet,</strong></span> <span class='ocrx_word' id='word_1_166' title='bbox 1923 2530 2300 2592; x_wconf 84' lang='lat' dir='ltr'><strong>decernendi.</strong></span> <span class='ocrx_word' id='word_1_167' title='bbox 2386 2530 2481 2591; x_wconf 88' lang='lat' dir='ltr'><strong>M.</strong></span> <span class='ocrx_word' id='word_1_168' title='bbox 2531 2530 2805 2592; x_wconf 82' lang='lat' dir='ltr'><strong>Calidius</strong></span> <span class='ocrx_word' id='word_1_169' title='bbox 2842 2530 3035 2593; x_wconf 88' lang='lat' dir='ltr'><strong>Pom-</strong></span> 
     </span>
     <span class='ocr_line' id='line_1_22' title="bbox 1133 2616 3041 2710; baseline 0.001 -23"><span class='ocrx_word' id='word_1_170' title='bbox 1133 2628 1333 2709; x_wconf 87' lang='lat' dir='ltr'><strong>peium</strong></span> <span class='ocrx_word' id='word_1_171' title='bbox 1361 2629 1626 2710; x_wconf 87' lang='lat' dir='ltr'><strong>jubebat</strong></span> <span class='ocrx_word' id='word_1_172' title='bbox 1649 2630 1712 2688; x_wconf 90' lang='lat' dir='ltr'><strong>in</strong></span> <span class='ocrx_word' id='word_1_173' title='bbox 1746 2616 1882 2688; x_wconf 65' lang='lat' dir='ltr'><strong>siras</strong></span> <span class='ocrx_word' id='word_1_174' title='bbox 1916 2628 2249 2710; x_wconf 83' lang='lat' dir='ltr'><strong>provincias</strong></span> <span class='ocrx_word' id='word_1_175' title='bbox 2272 2626 2590 2708; x_wconf 83' lang='lat' dir='ltr'><strong>proficisci,</strong></span> <span class='ocrx_word' id='word_1_176' title='bbox 2614 2648 2689 2688; x_wconf 88' lang='lat' dir='ltr'><strong>ne</strong></span> <span class='ocrx_word' id='word_1_177' title='bbox 2722 2648 2847 2708; x_wconf 75' lang='lat' dir='ltr'><strong>quo</strong></span> <span class='ocrx_word' id='word_1_178' title='bbox 2880 2637 3041 2689; x_wconf 85' lang='lat' dir='ltr'><strong>esset</strong></span> 
     </span>
     <span class='ocr_line' id='line_1_23' title="bbox 1131 2714 3036 2806; baseline 0 -21"><span class='ocrx_word' id='word_1_179' title='bbox 1131 2744 1426 2785; x_wconf 85' lang='lat' dir='ltr'><strong>armorum</strong></span> <span class='ocrx_word' id='word_1_180' title='bbox 1444 2746 1626 2786; x_wconf 85' lang='lat' dir='ltr'><strong>causa</strong></span> <span class='ocrx_word' id='word_1_181' title='bbox 1644 2746 1661 2786; x_wconf 72' lang='grc' dir='ltr'><strong>ι</strong></span> <span class='ocrx_word' id='word_1_182' title='bbox 1687 2724 2055 2806; x_wconf 86' lang='lat' dir='ltr'><strong>eandemque</strong></span> <span class='ocrx_word' id='word_1_183' title='bbox 2076 2714 2427 2786; x_wconf 78' lang='lat' dir='ltr'><strong>sententiam</strong></span> <span class='ocrx_word' id='word_1_184' title='bbox 2450 2723 2545 2786; x_wconf 87' lang='lat' dir='ltr'><strong>M.</strong></span> <span class='ocrx_word' id='word_1_185' title='bbox 2566 2724 2795 2786; x_wconf 84' lang='lat' dir='ltr'><strong>Coelius</strong></span> <span class='ocrx_word' id='word_1_186' title='bbox 2809 2722 3036 2797; x_wconf 74' lang='lat' dir='ltr'><strong>Rufus,</strong></span> 
     </span>
     <span class='ocr_line' id='line_1_24' title="bbox 1131 2820 3036 2904; baseline 0.002 -24"><span class='ocrx_word' id='word_1_187' title='bbox 1131 2820 1313 2881; x_wconf 86' lang='lat' dir='ltr'><strong>modo</strong></span> <span class='ocrx_word' id='word_1_188' title='bbox 1364 2820 1653 2883; x_wconf 72' lang='lat' dir='ltr'><strong>aedilitate</strong></span> <span class='ocrx_word' id='word_1_189' title='bbox 1712 2820 2071 2903; x_wconf 82' lang='lat' dir='ltr'><strong>perfunctus,</strong></span> <span class='ocrx_word' id='word_1_190' title='bbox 2121 2822 2503 2904; x_wconf 79' lang='lat' dir='ltr'><strong>sequebatur.</strong></span> <span class='ocrx_word' id='word_1_191' title='bbox 2594 2822 2905 2883; x_wconf 71' lang='lat' dir='ltr'><strong>Praeterea</strong></span> <span class='ocrx_word' id='word_1_192' title='bbox 2938 2821 3036 2883; x_wconf 81' lang='lat' dir='ltr'><strong>.C.</strong></span> 
     </span>
     <span class='ocr_line' id='line_1_25' title="bbox 1137 2916 3041 3001; baseline 0.001 -24"><span class='ocrx_word' id='word_1_193' title='bbox 1137 2916 1325 2978; x_wconf 85' lang='lat' dir='ltr'><strong>Curio</strong></span> <span class='ocrx_word' id='word_1_194' title='bbox 1373 2917 1535 2979; x_wconf 82' lang='lat' dir='ltr'><strong>haud</strong></span> <span class='ocrx_word' id='word_1_195' title='bbox 1578 2917 2013 2979; x_wconf 79' lang='lat' dir='ltr'><strong>dissimulanter</strong></span> <span class='ocrx_word' id='word_1_196' title='bbox 2056 2938 2163 3001; x_wconf 89' lang='lat' dir='ltr'><strong>pro</strong></span> <span class='ocrx_word' id='word_1_197' title='bbox 2206 2918 2447 2979; x_wconf 76' lang='lat' dir='ltr'><strong>caesare</strong></span> <span class='ocrx_word' id='word_1_198' title='bbox 2492 2920 2815 3000; x_wconf 76' lang='lat' dir='ltr'><strong>pugnabat.</strong></span> <span class='ocrx_word' id='word_1_199' title='bbox 2914 2918 3041 2979; x_wconf 84' lang='lat' dir='ltr'><strong>Sed</strong></span> 
     </span>
     <span class='ocr_line' id='line_1_26' title="bbox 1137 3012 3039 3096; baseline 0.003 -24"><span class='ocrx_word' id='word_1_200' title='bbox 1137 3012 1348 3073; x_wconf 85' lang='lat' dir='ltr'><strong>horum</strong></span> <span class='ocrx_word' id='word_1_201' title='bbox 1385 3014 1514 3075; x_wconf 88' lang='lat' dir='ltr'><strong>sine</strong></span> <span class='ocrx_word' id='word_1_202' title='bbox 1547 3014 1893 3095; x_wconf 78' lang='lat' dir='ltr'><strong>magistratu</strong></span> <span class='ocrx_word' id='word_1_203' title='bbox 1932 3014 2191 3075; x_wconf 86' lang='lat' dir='ltr'><strong>studium</strong></span> <span class='ocrx_word' id='word_1_204' title='bbox 2232 3014 2467 3077; x_wconf 82' lang='lat' dir='ltr'><strong>levioris</strong></span> <span class='ocrx_word' id='word_1_205' title='bbox 2494 3036 2693 3096; x_wconf 76' lang='lat' dir='ltr'><strong>operae</strong></span> <span class='ocrx_word' id='word_1_206' title='bbox 2722 3014 2855 3075; x_wconf 82' lang='lat' dir='ltr'><strong>fuit.</strong></span> <span class='ocrx_word' id='word_1_207' title='bbox 2940 3016 3039 3077; x_wconf 93' lang='grc' dir='ltr'><strong>Μ.</strong></span> 
     </span>
     <span class='ocr_line' id='line_1_27' title="bbox 847 3107 3043 3194; baseline 0.001 -24"><span class='ocrx_word' id='word_1_208' title='bbox 847 3112 939 3161; x_wconf 85' lang='lat' dir='ltr'><strong>Plu</strong></span> <span class='ocrx_word' id='word_1_209' title='bbox 941 3118 978 3161; x_wconf 83' lang='lat' dir='ltr'><strong>t.</strong></span> <span class='ocrx_word' id='word_1_210' title='bbox 983 3107 1114 3162; x_wconf 63' lang='grc' dir='ltr'><strong>(Σῦσ-</strong></span> <span class='ocrx_word' id='word_1_211' title='bbox 1139 3110 1466 3184; x_wconf 81' lang='lat' dir='ltr'><strong>Antonius,</strong></span> <span class='ocrx_word' id='word_1_212' title='bbox 1508 3112 1816 3173; x_wconf 83' lang='lat' dir='ltr'><strong>tribunitia</strong></span> <span class='ocrx_word' id='word_1_213' title='bbox 1866 3108 2157 3194; x_wconf 72' lang='lat' dir='ltr'><strong>potestate</strong></span> <span class='ocrx_word' id='word_1_214' title='bbox 2202 3111 2511 3184; x_wconf 88' lang='lat' dir='ltr'><strong>subnixus,</strong></span> <span class='ocrx_word' id='word_1_215' title='bbox 2540 3110 3043 3193; x_wconf 72' lang='lat' dir='ltr'><strong>quemadmodum</strong></span> 
     </span>
     <span class='ocr_line' id='line_1_28' title="bbox 813 3176 3043 3289; baseline 0.001 -22.026"><span class='ocrx_word' id='word_1_216' title='bbox 813 3186 864 3235; x_wconf 47' lang='grc' dir='ltr'><strong>εἰ</strong></span> <span class='ocrx_word' id='word_1_217' title='bbox 883 3176 964 3224; x_wconf 83' lang='lat' dir='ltr'><strong>An</strong></span> <span class='ocrx_word' id='word_1_218' title='bbox 933 3184 1070 3243; x_wconf 64' lang='lat'><strong>”¹²⁰⁸-</strong></span> <span class='ocrx_word' id='word_1_219' title='bbox 1141 3206 1328 3268; x_wconf 88' lang='lat' dir='ltr'><strong>Curio</strong></span> <span class='ocrx_word' id='word_1_220' title='bbox 1355 3228 1563 3288; x_wconf 86' lang='lat' dir='ltr'><strong>nuper,</strong></span> <span class='ocrx_word' id='word_1_221' title='bbox 1588 3209 1667 3271; x_wconf 91' lang='lat' dir='ltr'><strong>de</strong></span> <span class='ocrx_word' id='word_1_222' title='bbox 1694 3218 1961 3289; x_wconf 88' lang='lat' dir='ltr'><strong>utroque</strong></span> <span class='ocrx_word' id='word_1_223' title='bbox 1967 3202 2331 3289; x_wconf 82' lang='lat' dir='ltr'><strong>conjunctim</strong></span> <span class='ocrx_word' id='word_1_224' title='bbox 2366 3207 2737 3271; x_wconf 77' lang='lat' dir='ltr'><strong>referendum</strong></span> <span class='ocrx_word' id='word_1_225' title='bbox 2762 3228 2887 3269; x_wconf 84' lang='lat' dir='ltr'><strong>esse</strong></span> <span class='ocrx_word' id='word_1_226' title='bbox 2912 3208 3043 3271; x_wconf 83' lang='lat' dir='ltr'><strong>cla-</strong></span> 
     </span>
     <span class='ocr_line' id='line_1_29' title="bbox 849 3302 3046 3387; baseline 0.001 -24"><span class='ocrx_word' id='word_1_227' title='bbox 849 3302 1394 3365; x_wconf 61' lang='lat' dir='ltr'><strong>ees.P1ut.mitab0t</strong></span> <span class='ocrx_word' id='word_1_228' title='bbox 1431 3325 1565 3366; x_wconf 90' lang='lat' dir='ltr'><strong>cum</strong></span> <span class='ocrx_word' id='word_1_229' title='bbox 1607 3308 1843 3366; x_wconf 79' lang='lat' dir='ltr'><strong>assensu</strong></span> <span class='ocrx_word' id='word_1_230' title='bbox 1869 3310 2137 3387; x_wconf 84' lang='lat' dir='ltr'><strong>patrum:</strong></span> <span class='ocrx_word' id='word_1_231' title='bbox 2180 3313 2243 3365; x_wconf 93' lang='lat' dir='ltr'><strong>et</strong></span> <span class='ocrx_word' id='word_1_232' title='bbox 2280 3314 2450 3365; x_wconf 87' lang='lat' dir='ltr'><strong>erant</strong></span> <span class='ocrx_word' id='word_1_233' title='bbox 2484 3306 2589 3384; x_wconf 88' lang='lat' dir='ltr'><strong>qui</strong></span> <span class='ocrx_word' id='word_1_234' title='bbox 2629 3305 3046 3367; x_wconf 67' lang='lat' dir='ltr'><strong>disceoeionem</strong></span> 
     </span>
     <span class='ocr_line' id='line_1_30' title="bbox 818 3368 3145 3482; baseline 0 -21"><span class='ocrx_word' id='word_1_235' title='bbox 818 3368 942 3421; x_wconf 58' lang='lat' dir='ltr'><strong>cm·</strong></span> <span class='ocrx_word' id='word_1_236' title='bbox 1139 3398 1496 3480; x_wconf 74' lang='lat' dir='ltr'><strong>flagitarent.</strong></span> <span class='ocrx_word' id='word_1_237' title='bbox 1583 3400 1707 3462; x_wconf 86' lang='lat' dir='ltr'><strong>Sed</strong></span> <span class='ocrx_word' id='word_1_238' title='bbox 1756 3422 1845 3462; x_wconf 88' lang='lat' dir='ltr'><strong>ea</strong></span> <span class='ocrx_word' id='word_1_239' title='bbox 1882 3401 2123 3482; x_wconf 87' lang='lat' dir='ltr'><strong>quidem</strong></span> <span class='ocrx_word' id='word_1_240' title='bbox 2166 3422 2259 3462; x_wconf 88' lang='lat' dir='ltr'><strong>res</strong></span> <span class='ocrx_word' id='word_1_241' title='bbox 2300 3422 2341 3461; x_wconf 90' lang='lat' dir='ltr'><strong>a</strong></span> <span class='ocrx_word' id='word_1_242' title='bbox 2380 3402 2719 3462; x_wconf 88' lang='lat' dir='ltr'><strong>consulibus</strong></span> <span class='ocrx_word' id='word_1_243' title='bbox 2757 3402 3049 3482; x_wconf 86' lang='lat' dir='ltr'><strong>impedita</strong></span> <span class='ocrx_word' id='word_1_244' title='bbox 3142 3451 3145 3461; x_wconf 95' lang='lat'><strong>.</strong></span> 
     </span>
     <span class='ocr_line' id='line_1_31' title="bbox 1141 3497 3049 3580; baseline 0 -23"><span class='ocrx_word' id='word_1_245' title='bbox 1141 3506 1265 3558; x_wconf 84' lang='lat' dir='ltr'><strong>est.</strong></span> <span class='ocrx_word' id='word_1_246' title='bbox 1305 3499 1831 3571; x_wconf 85' lang='lat' dir='ltr'><strong>senatusconsulto,</strong></span> <span class='ocrx_word' id='word_1_247' title='bbox 1873 3499 2032 3580; x_wconf 89' lang='lat' dir='ltr'><strong>quod</strong></span> <span class='ocrx_word' id='word_1_248' title='bbox 2080 3497 2264 3561; x_wconf 85' lang='lat' dir='ltr'><strong>fiebat</strong></span> <span class='ocrx_word' id='word_1_249' title='bbox 2304 3500 2367 3559; x_wconf 90' lang='lat' dir='ltr'><strong>in</strong></span> <span class='ocrx_word' id='word_1_250' title='bbox 2406 3502 2757 3560; x_wconf 85' lang='lat' dir='ltr'><strong>sententiam</strong></span> <span class='ocrx_word' id='word_1_251' title='bbox 2804 3498 3049 3569; x_wconf 77' lang='lat' dir='ltr'><strong>Metelli</strong></span> 
     </span>
     <span class='ocr_line' id='line_1_32' title="bbox 1145 3594 3051 3676; baseline 0.002 -21"><span class='ocrx_word' id='word_1_252' title='bbox 1145 3594 1462 3676; x_wconf 83' lang='lat' dir='ltr'><strong>Scipionis,</strong></span> <span class='ocrx_word' id='word_1_253' title='bbox 1505 3598 1642 3657; x_wconf 89' lang='lat' dir='ltr'><strong>‘uti</strong></span> <span class='ocrx_word' id='word_1_254' title='bbox 1694 3606 1830 3658; x_wconf 87' lang='lat' dir='ltr'><strong>ante</strong></span> <span class='ocrx_word' id='word_1_255' title='bbox 1874 3606 2098 3657; x_wconf 85' lang='lat' dir='ltr'><strong>certam</strong></span> <span class='ocrx_word' id='word_1_256' title='bbox 2146 3595 2307 3656; x_wconf 88' lang='lat' dir='ltr'><strong>diem</strong></span> <span class='ocrx_word' id='word_1_257' title='bbox 2348 3598 2678 3656; x_wconf 86' lang='lat' dir='ltr'><strong>exercitum</strong></span> <span class='ocrx_word' id='word_1_258' title='bbox 2722 3596 3051 3659; x_wconf 84' lang='lat' dir='ltr'><strong>dimitteret</strong></span> 
     </span>
    </p>
   </div>
   <div class='ocr_carea' id='block_1_6' title="bbox 816 3691 3053 3958">
    <p class='ocr_par' dir='ltr' id='par_1_6' title="bbox 816 3691 3053 3955">
     <span class='ocr_line' id='line_1_33' title="bbox 819 3691 3050 3775; baseline 0.001 -22"><span class='ocrx_word' id='word_1_259' title='bbox 819 3699 950 3775; x_wconf 65' lang='lat' dir='ltr'><strong>Cas.</strong></span> <span class='ocrx_word' id='word_1_260' title='bbox 1148 3691 1376 3766; x_wconf 73' lang='lat' dir='ltr'><strong>Caesar,</strong></span> <span class='ocrx_word' id='word_1_261' title='bbox 1423 3703 1529 3755; x_wconf 74' lang='lat' dir='ltr'><strong>cut</strong></span> <span class='ocrx_word' id='word_1_262' title='bbox 1575 3714 1681 3775; x_wconf 89' lang='lat' dir='ltr'><strong>pro</strong></span> <span class='ocrx_word' id='word_1_263' title='bbox 1730 3693 1899 3755; x_wconf 83' lang='lat' dir='ltr'><strong>hoste</strong></span> <span class='ocrx_word' id='word_1_264' title='bbox 1948 3693 2144 3766; x_wconf 83' lang='lat' dir='ltr'><strong>esset‚’</strong></span> <span class='ocrx_word' id='word_1_265' title='bbox 2194 3694 2417 3754; x_wconf 87' lang='lat' dir='ltr'><strong>tribuni</strong></span> <span class='ocrx_word' id='word_1_266' title='bbox 2466 3692 2658 3775; x_wconf 88' lang='lat' dir='ltr'><strong>plebis</strong></span> <span class='ocrx_word' id='word_1_267' title='bbox 2704 3694 3050 3755; x_wconf 84' lang='lat' dir='ltr'><strong>intercesse-</strong></span> 
     </span>
     <span class='ocr_line' id='line_1_34' title="bbox 816 3762 1300 3879; baseline -0.009 -2"><span class='ocrx_word' id='word_1_268' title='bbox 816 3762 1050 3879; x_wconf 45' lang='lat' dir='ltr'><strong>gigan</strong></span> <span class='ocrx_word' id='word_1_269' title='bbox 1053 3834 1091 3876; x_wconf 86' lang='lat' dir='ltr'><strong>t.</strong></span> <span class='ocrx_word' id='word_1_270' title='bbox 1145 3798 1300 3850; x_wconf 58' lang='grc' dir='ltr'><strong>ΝΜ·</strong></span> 
     </span>
     <span class='ocr_line' id='line_1_35' title="bbox 820 3886 3053 3958; baseline 0 -10"><span class='ocrx_word' id='word_1_271' title='bbox 820 3903 950 3955; x_wconf 62' lang='lat' dir='ltr'><strong>cm.</strong></span> <span class='ocrx_word' id='word_1_272' title='bbox 1227 3894 1326 3948; x_wconf 87' lang='grc'><strong>33.</strong></span> <span class='ocrx_word' id='word_1_273' title='bbox 1371 3886 1681 3949; x_wconf 90' lang='lat' dir='ltr'><strong>Postridie</strong></span> <span class='ocrx_word' id='word_1_274' title='bbox 1720 3907 1856 3948; x_wconf 89' lang='lat' dir='ltr'><strong>cum</strong></span> <span class='ocrx_word' id='word_1_275' title='bbox 1900 3888 2111 3948; x_wconf 86' lang='lat' dir='ltr'><strong>iterum</strong></span> <span class='ocrx_word' id='word_1_276' title='bbox 2150 3896 2387 3948; x_wconf 86' lang='lat' dir='ltr'><strong>senatus</strong></span> <span class='ocrx_word' id='word_1_277' title='bbox 2419 3886 2758 3958; x_wconf 80' lang='lat' dir='ltr'><strong>haberetur,</strong></span> <span class='ocrx_word' id='word_1_278' title='bbox 2794 3886 2865 3947; x_wconf 92' lang='lat' dir='ltr'><strong>L.</strong></span> <span class='ocrx_word' id='word_1_279' title='bbox 2896 3887 3053 3948; x_wconf 87' lang='lat' dir='ltr'><strong>Piso</strong></span> 
     </span>
    </p>
   </div>
   <div class='ocr_carea' id='block_1_7' title="bbox 1146 3984 3127 4066">
    <p class='ocr_par' dir='ltr' id='par_1_7' title="bbox 1146 3984 3127 4066">
     <span class='ocr_line' id='line_1_36' title="bbox 1146 3984 3127 4066; baseline 0.002 -21"><span class='ocrx_word' id='word_1_280' title='bbox 1146 4004 1373 4055; x_wconf 87' lang='lat' dir='ltr'><strong>censor,</strong></span> <span class='ocrx_word' id='word_1_281' title='bbox 1420 3986 1682 4065; x_wconf 89' lang='lat' dir='ltr'><strong>itemque</strong></span> <span class='ocrx_word' id='word_1_282' title='bbox 1724 3993 1939 4066; x_wconf 81' lang='lat' dir='ltr'><strong>praetor</strong></span> <span class='ocrx_word' id='word_1_283' title='bbox 1975 3985 2046 4044; x_wconf 95' lang='lat' dir='ltr'><strong>L.</strong></span> <span class='ocrx_word' id='word_1_284' title='bbox 2083 3984 2363 4057; x_wconf 81' lang='lat' dir='ltr'><strong>Roscius,</strong></span> <span class='ocrx_word' id='word_1_285' title='bbox 2398 4005 2648 4065; x_wconf 88' lang='lat' dir='ltr'><strong>quorum</strong></span> <span class='ocrx_word' id='word_1_286' title='bbox 2692 3984 2845 4045; x_wconf 72' lang='lat' dir='ltr'><strong>alter</strong></span> <span class='ocrx_word' id='word_1_287' title='bbox 2882 4006 3055 4048; x_wconf 88' lang='lat' dir='ltr'><strong>socer</strong></span> <span class='ocrx_word' id='word_1_288' title='bbox 3122 4010 3127 4013; x_wconf 91' lang='lat'>·</span> 
     </span>
    </p>
   </div>
   <div class='ocr_carea' id='block_1_8' title="bbox 855 4080 3055 4166">
    <p class='ocr_par' dir='ltr' id='par_1_8' title="bbox 855 4080 3055 4166">
     <span class='ocr_line' id='line_1_37' title="bbox 855 4080 3055 4166; baseline 0.001 -23"><span class='ocrx_word' id='word_1_289' title='bbox 855 4092 1047 4143; x_wconf 56' lang='lat' dir='ltr'><strong>cande</strong></span> <span class='ocrx_word' id='word_1_290' title='bbox 1060 4091 1124 4143; x_wconf 85' lang='lat' dir='ltr'><strong>B.</strong></span> <span class='ocrx_word' id='word_1_291' title='bbox 1147 4090 1277 4141; x_wconf 84' lang='lat' dir='ltr'><strong>erat</strong></span> <span class='ocrx_word' id='word_1_292' title='bbox 1303 4080 1578 4154; x_wconf 74' lang='lat' dir='ltr'><strong>CaesariS,</strong></span> <span class='ocrx_word' id='word_1_293' title='bbox 1607 4081 1758 4142; x_wconf 77' lang='lat' dir='ltr'><strong>alter</strong></span> <span class='ocrx_word' id='word_1_294' title='bbox 1784 4082 2053 4166; x_wconf 80' lang='lat' dir='ltr'><strong>legatus&#39;</strong></span> <span class='ocrx_word' id='word_1_295' title='bbox 2036 4104 2098 4143; x_wconf 90' lang='grc' dir='ltr'><strong>ιιι</strong></span> <span class='ocrx_word' id='word_1_296' title='bbox 2126 4081 2339 4144; x_wconf 76' lang='lat' dir='ltr'><strong>Gallia</strong></span> <span class='ocrx_word' id='word_1_297' title='bbox 2377 4083 2591 4155; x_wconf 86' lang='lat' dir='ltr'><strong>fuerat,</strong></span> <span class='ocrx_word' id='word_1_298' title='bbox 2630 4082 2706 4143; x_wconf 82' lang='lat' dir='ltr'><strong>ad</strong></span> <span class='ocrx_word' id='word_1_299' title='bbox 2747 4081 3055 4145; x_wconf 62' lang='lat' dir='ltr'><strong>omrem</strong></span> 
     </span>
    </p>
   </div>
   <div class='ocr_carea' id='block_1_9' title="bbox 821 4159 3051 4337">
    <p class='ocr_par' dir='ltr' id='par_1_9' title="bbox 821 4159 3051 4337">
     <span class='ocr_line' id='line_1_38' title="bbox 821 4159 3051 4337; baseline 0.004 -104"><span class='ocrx_word' id='word_1_300' title='bbox 821 4159 1009 4337; x_wconf 43' lang='lat' dir='ltr'><strong>{ss</strong></span> <span class='ocrx_word' id='word_1_301' title='bbox 959 4189 1050 4335; x_wconf 44' lang='grc' dir='ltr'><strong>ι’(ὼ</strong></span> <span class='ocrx_word' id='word_1_302' title='bbox 1067 4220 1126 4271; x_wconf 74' lang='grc' dir='ltr'>Β</span> <span class='ocrx_word' id='word_1_303' title='bbox 1150 4180 1334 4239; x_wconf 83' lang='lat' dir='ltr'><strong>ituros</strong></span> <span class='ocrx_word' id='word_1_304' title='bbox 1372 4178 1736 4250; x_wconf 89' lang='lat' dir='ltr'><strong>obtulerunt,</strong></span> <span class='ocrx_word' id='word_1_305' title='bbox 1785 4187 1852 4238; x_wconf 90' lang='lat' dir='ltr'><strong>ut</strong></span> <span class='ocrx_word' id='word_1_306' title='bbox 1890 4199 2024 4239; x_wconf 89' lang='lat' dir='ltr'><strong>eum</strong></span> <span class='ocrx_word' id='word_1_307' title='bbox 2069 4178 2350 4241; x_wconf 88' lang='lat' dir='ltr'><strong>docerent</strong></span> <span class='ocrx_word' id='word_1_308' title='bbox 2397 4179 2475 4239; x_wconf 86' lang='lat' dir='ltr'><strong>de</strong></span> <span class='ocrx_word' id='word_1_309' title='bbox 2526 4180 2699 4239; x_wconf 89' lang='lat' dir='ltr'><strong>rebus</strong></span> <span class='ocrx_word' id='word_1_310' title='bbox 2742 4180 3051 4241; x_wconf 87' lang='lat' dir='ltr'><strong>omnibus:</strong></span> 
     </span>
    </p>
   </div>
   <div class='ocr_carea' id='block_1_10' title="bbox 707 4274 3055 4469">
    <p class='ocr_par' dir='ltr' id='par_1_10' title="bbox 707 4274 3055 4469">
     <span class='ocr_line' id='line_1_39' title="bbox 707 4274 3052 4357; baseline 0 -19"><span class='ocrx_word' id='word_1_311' title='bbox 707 4290 715 4307; x_wconf 89' lang='grc'><em>·</em></span> <span class='ocrx_word' id='word_1_312' title='bbox 827 4288 920 4338; x_wconf 84' lang='lat' dir='ltr'><strong>Civ</strong></span> <span class='ocrx_word' id='word_1_313' title='bbox 1147 4274 1390 4335; x_wconf 79' lang='lat' dir='ltr'><strong>fuerunt</strong></span> <span class='ocrx_word' id='word_1_314' title='bbox 1423 4284 1486 4334; x_wconf 90' lang='lat' dir='ltr'><strong>et</strong></span> <span class='ocrx_word' id='word_1_315' title='bbox 1519 4276 1598 4335; x_wconf 88' lang='lat' dir='ltr'><strong>ab</strong></span> <span class='ocrx_word' id='word_1_316' title='bbox 1640 4274 1773 4335; x_wconf 81' lang='lat' dir='ltr'><strong>aliis</strong></span> <span class='ocrx_word' id='word_1_317' title='bbox 1802 4276 2104 4337; x_wconf 83' lang='lat' dir='ltr'><strong>sententiae</strong></span> <span class='ocrx_word' id='word_1_318' title='bbox 2138 4276 2341 4352; x_wconf 85' lang='lat' dir='ltr'><strong>dictae,</strong></span> <span class='ocrx_word' id='word_1_319' title='bbox 2367 4277 2597 4357; x_wconf 83' lang='lat' dir='ltr'><strong>legatos</strong></span> <span class='ocrx_word' id='word_1_320' title='bbox 2624 4278 2777 4337; x_wconf 89' lang='lat' dir='ltr'><strong>mitti</strong></span> <span class='ocrx_word' id='word_1_321' title='bbox 2806 4278 2885 4338; x_wconf 84' lang='lat' dir='ltr'><strong>ad</strong></span> <span class='ocrx_word' id='word_1_322' title='bbox 2914 4278 3052 4339; x_wconf 76' lang='lat' dir='ltr'><strong>Cae-</strong></span> 
     </span>
     <span class='ocr_line' id='line_1_40' title="bbox 997 4370 3055 4469; baseline 0.002 -37"><span class='ocrx_word' id='word_1_323' title='bbox 997 4382 1006 4397; x_wconf 86' lang='lat'><strong><em>‘</em></strong></span> <span class='ocrx_word' id='word_1_324' title='bbox 1151 4390 1340 4432; x_wconf 77' lang='lat' dir='ltr'><strong>sarem</strong></span> <span class='ocrx_word' id='word_1_325' title='bbox 1359 4380 1652 4454; x_wconf 84' lang='lat' dir='ltr'><strong>oportere,</strong></span> <span class='ocrx_word' id='word_1_326' title='bbox 1671 4372 1775 4453; x_wconf 90' lang='lat' dir='ltr'><strong>qui</strong></span> <span class='ocrx_word' id='word_1_327' title='bbox 1800 4372 1858 4433; x_wconf 93' lang='lat' dir='ltr'><strong>ei</strong></span> <span class='ocrx_word' id='word_1_328' title='bbox 1886 4372 2252 4435; x_wconf 82' lang='lat' dir='ltr'><strong>voluntatem</strong></span> <span class='ocrx_word' id='word_1_329' title='bbox 2277 4382 2583 4457; x_wconf 84' lang='lat' dir='ltr'><strong>exponant</strong></span> <span class='ocrx_word' id='word_1_330' title='bbox 2606 4382 2867 4469; x_wconf 78' lang='lat' dir='ltr'><strong>senatus.</strong></span> <span class='ocrx_word' id='word_1_331' title='bbox 2930 4370 3055 4437; x_wconf 87' lang='lat' dir='ltr'><strong>Sed</strong></span> 
     </span>
    </p>
   </div>
  </div>
 </body>
</html>
