3300 5234
668 2076 678 2086 ’
748 2059 865 2113 Dio.

722 561 909 628 &Bo
1797 577 1866 626 τ.
1901 577 2096 626 mvn

1062 723 1285 784 auitum
1325 722 1553 784 factum
1576 731 1688 793 est,
1729 731 1748 759 ‘
1771 723 2006 803 placere
2032 722 2272 782 domum
2313 721 2371 782 ei
2413 719 2681 781 restitui?
2765 717 2842 779 Bi
2871 733 2968 779 se-

1066 822 1509 884 natusconsulto
1532 822 1804 882 tribunus
1828 819 2022 901 plebis
2047 819 2192 879 Sex.
2218 817 2452 879 Atilius
2467 817 2756 880 Serranus
2773 816 2972 878 Gavi-

1066 939 1215 979 anus
1234 919 1599 978 intercessit:
1640 918 1747 978 sed
1772 937 2058 978 consensu
2083 925 2344 987 senatus,
2365 925 2428 976 et
2453 915 2571 976 Cn.
2600 915 2788 996 Oppii
2815 913 2972 974 Ocr-

1062 1016 1246 1076 nicini
1270 1017 1459 1078 soceri
1500 1016 1579 1078 ad
1606 1015 1788 1098 pedes
1827 1019 1960 1096 ejus
1983 1015 2426 1097 procumbentis
2451 1015 2728 1095 precibus
2751 1015 2972 1084 victua,

1066 1114 1306 1174 remisit.

774 1221 908 1270 Plut.
1148 1217 1249 1270 51.
1294 1208 1399 1270 Sic
1424 1217 1557 1290 post
1582 1229 1810 1270 menses
1833 1208 2016 1269 ferme
2043 1207 2328 1278 sedecim,
2355 1227 2537 1288 quam
2573 1205 2770 1267 suerat
2797 1207 2974 1266 Urbe

740 1286 959 1400 Agpian.
1066 1306 1373 1389 expulsus,
1403 1307 1617 1368 Cicero
1659 1307 1855 1378 rediit,
1903 1315 2072 1367 tanto
2109 1307 2316 1367 favore
2357 1305 2683 1376 hominum,
2709 1313 2798 1375 ut,
2835 1323 2978 1366 cum

740 1357 1045 1466 reatinpge‘tn.
1069 1407 1197 1487 ipse
1224 1415 1241 1442 ‘
1265 1405 1523 1466 humeris
1550 1403 1752 1465 Italiae
1778 1425 1841 1465 se
1867 1413 2230 1486 reportatum
2250 1405 2268 1434 ’
2294 1403 2544 1474 diceret,
2567 1423 2690 1461 rem
2711 1403 2976 1462 minuere

742 1486 895 1596 {⁰1³}
1069 1503 1265 1585 potius
1284 1503 1615 1582 aliquanto,
1641 1521 1826 1583 quam
1855 1521 2070 1580 augere
2095 1501 2412 1561 videretur.
2455 1500 2612 1561 Cum
2637 1497 2718 1560 ad
2741 1499 2979 1559 Urbem

784 1609 889 1659 cic.
907 1610 969 1659 ad
1070 1599 1407 1670 accederet,
1466 1607 1637 1659 tanta
1682 1597 2106 1678 gratulantium
2161 1598 2517 1678 obviamque
2563 1595 2980 1676 prodeuntium

744 1673 1025 1788 ss‘i‘ssssiss‘
1060 1694 1389 1758 multitudo
1407 1695 1543 1767 fuit,
1564 1705 1631 1756 ut
1650 1697 1758 1756 vix
1783 1705 1944 1756 totus
1963 1695 2094 1756 dies
2113 1693 2232 1755 iuis
2249 1691 2458 1754 officiis
2473 1692 2785 1755 sufficeret„
2829 1691 2984 1752 Fuit

747 1820 795 1852 c.
815 1808 900 1854 22.
1070 1793 1225 1854 inter
1250 1792 1387 1872 illos
1410 1802 1474 1854 et
1501 1789 1594 1852 M.
1623 1791 1876 1852 Oramus
1901 1793 2171 1852 inimicus
2195 1800 2393 1862 antea,
2419 1791 2525 1873 sed
2567 1799 2696 1852 tum
2735 1791 2797 1850 in
2841 1809 2980 1868 gra-

744 1867 1051 1982 X⁶¹¹t¹¹·⁴⁵·
1070 1891 1218 1952 tiam
1260 1887 1369 1948 filii
1412 1909 1629 1969 magno
1671 1888 1870 1949 studio
1915 1887 2185 1949 redeunti
2225 1909 2290 1948 se
2327 1887 2599 1948 offerens.
2681 1885 2788 1947 Sic
2827 1887 2984 1947 inter

746 1947 963 2047 papea.
1072 1987 1183 2048 hos
1216 1986 1621 2057 reconciliata,
1663 1987 1854 2066 magis
1887 1995 2084 2048 tamen
2130 1987 2190 2046 in
2231 1987 2513 2066 speciem,
2535 2004 2714 2066 quam
2738 2005 2880 2045 vere
2919 1995 2986 2046 et

1075 2086 1328 2167 penitus,
1356 2092 1447 2144 est
1470 2084 1701 2164 gratia:
1723 2084 2056 2164 diciturque
2085 2085 2142 2144 in
2175 2082 2346 2144 illum
2377 2092 2440 2142 et
2465 2082 2768 2143 Coeaarem
2791 2084 2981 2164 scrip-

1070 2184 1215 2242 sisse
1254 2182 1469 2242 librum
1506 2179 1582 2240 de
1608 2181 1874 2241 consiliis
1895 2181 2016 2240 suis
2042 2179 2278 2251 Cicero,
2305 2179 2586 2254 refertum
2621 2181 2682 2239 iu
2709 2179 2820 2238 hos
2846 2201 2984 2262 pro-

1068 2280 1217 2350 bris,
1244 2279 1499 2360 ideoqne
1526 2299 1637 2339 nec
1665 2279 1746 2338 ab
1769 2289 2016 2340 auctore
2035 2277 2284 2338 editum.

1159 2383 1262 2437 52.
1307 2376 1465 2437 Cum
1488 2377 1792 2458 Pompeio
1815 2376 2048 2436 meliori
2074 2374 2194 2436 fide
2219 2394 2484 2436 reversus
2507 2381 2600 2434 est
2625 2373 2682 2432 in
2705 2372 2984 2452 gratiam,

1068 2481 1141 2533 et
1178 2493 1253 2533 ne
1280 2473 1562 2554 poenitere
1586 2493 1726 2533 eum
1748 2492 1874 2534 suae
1911 2471 2237 2534 voluntatis
2273 2479 2490 2553 posset,
2521 2471 2720 2530 statim
2756 2469 2986 2530 benefi-

786 2575 892 2628 cic.
912 2575 977 2625 td
1076 2570 1237 2630 cium
1272 2567 1557 2641 reddidit,
1598 2578 1808 2630 senatu
1853 2569 2119 2647 inducto,
2162 2577 2229 2629 ut
2271 2569 2330 2629 ei
2368 2588 2475 2650 per
2517 2566 2990 2648 quinquennium

752 2641 960 2755 gt‘ssv·
988 2645 1009 2692 ¹
1018 2675 1033 2690 ⁰
1080 2685 1333 2728 annonae
1358 2687 1527 2737 cura,
1556 2665 1704 2726 Sex.
1733 2665 1954 2726 Clodio
1979 2667 2248 2747 improbo
2267 2675 2332 2726 et
2349 2663 2742 2726 audacissimo
2760 2664 2990 2724 homini

752 2723 905 2822 Dein.
926 2785 973 2822 c.
988 2775 1041 2824 ¹1.
1082 2772 1314 2844 erepta,
1372 2762 1774 2823 mandaretur.
1886 2762 2128 2841 Ingenti
2175 2763 2332 2822 enim
2394 2761 2624 2820 Urbem
2684 2769 2991 2841 premente

753 2842 941 2951 ⁰1⁸2&
970 2901 1025 2951 in
1078 2859 1262 2933 same,
1309 2859 1479 2942 plebs
1523 2861 1742 2920 insanis
1789 2860 2140 2920 tumultibus
2189 2859 2500 2920 fremebat.
2599 2856 2686 2917 Et
2733 2858 2991 2938 primum

754 2965 934 3018 milon.
1084 2956 1545 3038 Apollinaribus
1564 2957 1744 3029 ludis,
1767 2977 1918 3038 quos
1943 2957 2014 3017 L.
2037 2957 2322 3017 Caecilius
2344 2955 2544 3016 Rufus
2567 2961 2782 3037 praetor
2803 2953 2992 3014 facie-

1082 3054 1212 3126 bat,
1238 3062 1410 3115 tanta
1434 3053 1654 3114 infimae
1680 3053 2079 3114 multitudinis
2101 3053 2474 3114 concursatio
2497 3052 2635 3124 fuit,
2677 3060 2748 3112 ut
2781 3069 2994 3112 omnes

1082 3151 1215 3231 qui,
1262 3149 1575 3232 spectandi
1610 3151 1826 3229 gratia,
1867 3149 2281 3223 consederant,
2329 3146 2566 3211 theatro
2605 3147 2994 3230 pellerentur.

759 3245 865 3297 Cic·
1087 3246 1324 3308 Deinde
1346 3249 1407 3307 in
1434 3246 1826 3329 Capitolium,
1848 3267 1982 3307 cum
2012 3247 2096 3307 ibi
2119 3255 2360 3307 senatus
2377 3247 2716 3319 haberetur,
2741 3263 2994 3305 concur-

1081 3364 1183 3404 sus
1204 3344 1421 3416 factus,
1448 3343 1788 3404 incendium
1807 3343 2058 3425 templo,
2079 3355 2286 3404 necem
2311 3345 2541 3404 senatui
2565 3341 2994 3403 minitantium.

1084 3440 1255 3502 Inter
1298 3462 1431 3502 eam
1472 3441 2005 3502 consternationem
2047 3450 2254 3501 auctor
2286 3441 2554 3522 patribus
2600 3439 2816 3499 Cicero
2849 3437 2993 3510 fuit,

792 3545 929 3596 Plut.
1085 3537 1385 3620 Pompeio
1428 3559 1633 3600 curam
1672 3537 1840 3598 illam
1867 3536 2240 3598 decernendi.
2322 3535 2764 3598 Proconsulare
2801 3537 2997 3617 impe-

758 3612 934 3728 ΞΞΞΡ·
956 3615 1009 3659 ‘t
1084 3637 1237 3695 rium
1279 3657 1386 3717 per
1430 3634 1678 3696 Italiam
1721 3655 2044 3718 omnesque
2085 3645 2290 3706 terras,
2316 3634 2497 3715 quale
2541 3634 2703 3714 prius
2739 3633 2998 3716 piratico

1076 3731 1253 3793 bello
1276 3741 1571 3805 tenuerat,
1596 3731 1830 3792 datum.

799 3839 907 3890 cic.
928 3839 992 3888 ad
1170 3835 1271 3890 53.
1314 3829 1669 3910 Pompeius,
1717 3836 1968 3910 accepta
2005 3828 2331 3898 curatione,
2395 3827 2625 3907 legatos
2667 3825 2999 3908 postulavit

761 3903 875 3956 Aa·
894 3920 969 3956 Π·
997 3909 1044 3954 ¹·
1091 3925 1449 4006 quindecim,
1476 3925 1623 3986 etin
1648 3925 1742 3985 his
1769 3924 2093 4006 principem
2131 3924 2505 3985 Ciceronem.
2591 3923 2834 3990 Quibus
2859 3943 2996 4004 pas-

798 4033 934 4082 Plut.
1088 4023 1199 4082 sim
1240 4041 1346 4103 per
1388 4022 1726 4102 provincias
1769 4019 2046 4094 dimissis,
2089 4022 2150 4080 in
2187 4021 2484 4092 Siciliam,
2527 4019 2891 4091 Sardiniam,
2933 4028 3001 4081 et

762 4096 1008 4212 {ompfiet
1093 4118 1371 4179 Africam
1412 4119 1537 4200 ipse
1574 4117 1904 4199 navigavit.
1990 4117 2146 4178 Inde
2189 4138 2328 4180 cum
2369 4119 2602 4200 onustis
2619 4117 2876 4178 navibus
2905 4137 3000 4177 re-

764 4177 917 4280 Riigi’.
950 4197 963 4215 ⁸
1090 4216 1563 4286 versurus,·inter
1586 4216 1988 4276 cantationem
2030 4215 2510 4294 gubernatorum,
2540 4216 2644 4294 qui
2675 4222 3003 4295 tempesta-

1088 4321 1211 4372 tem
1255 4313 1565 4384 timebant,
1612 4314 1837 4394 primus
1880 4332 2198 4374 conscenso
2243 4313 2482 4392 navigio
2523 4311 2754 4374 solvere
2789 4313 3001 4392 jussit,

1090 4408 1457 4470 nobilissima
1496 4429 1647 4471 voce
1690 4409 1875 4481 edita,
1915 4419 1936 4510 ⁸⁸
1963 4410 2241 4490 navigare
2282 4429 2580 4470 necessum
2621 4429 2772 4484 eqe,
2799 4411 3002 4472 vivere
