3300 5234
871 606 1078 655 minu
1129 606 1292 657 oxi.
1335 608 1983 661 surranussnruu.
2242 563 2249 574 ’
2340 592 2515 663 5221

359 752 470 823 ,ὄλ
513 746 669 809 Cum
715 748 844 809 haec
889 746 1160 821 dixisset,
1213 750 1536 827 ignominia
1581 752 1813 813 notavit
1858 750 2189 833 signiferos,

280 865 536 926 quorum
572 846 873 906 eminebat
912 843 1112 926 culpa,
1149 844 1400 925 locoque
1427 848 1648 907 movit:
1690 868 1812 908 suae
1846 850 2043 929 potius
2064 849 2189 911 cle-

278 944 542 1013 mentiae,
569 962 748 1023 quam
774 941 1064 1003 voluntati
1091 940 1388 1021 legionum
1409 943 1741 1003 obsecutus.
1782 943 2015 1005 Tantus
2032 947 2189 1019 enim

279 1038 475 1117 pudor
499 1026 810 1102 veteranos
825 1040 954 1118 ejus
975 1040 1314 1110 intraverat,
1331 1048 1402 1097 ut
1421 1039 1578 1101 ultro
1593 1060 1659 1101 se
1680 1040 1961 1102 offerrent
1978 1062 2187 1123 pamm,
2216 1052 2423 1117 Appian.

278 1133 686 1216 deciman-ique
729 1144 1033 1216 peterent:
1087 1134 1302 1195 deinde
1343 1135 1466 1195 leni
1507 1156 1785 1218 responso
1824 1138 2191 1219 imperatoris

283 1232 390 1291 vix
434 1232 678 1293 adducti
721 1232 801 1292 ad
847 1231 1268 1312 ignoscendum
1309 1233 1444 1305 sibi,
1477 1248 1921 1314 perseverarunt
1946 1236 2023 1297 ad
2049 1256 2189 1317 sup-

279 1328 528 1407 plicium
554 1328 850 1409 postulare
879 1328 1205 1407 signiferos,
1233 1330 1334 1408 qui
1360 1348 1600 1389 causam
1640 1330 1991 1413 initiumque
2016 1330 2189 1412 flagi-

278 1426 368 1503 tio
396 1426 453 1485 ei
477 1424 802 1487 dedissent.
882 1425 1140 1504 Jamque
1173 1426 1356 1485 etiam
1395 1425 1470 1485 ab
1512 1424 1717 1487 dolore
1754 1446 2011 1507 pugnam
2052 1448 2187 1509 pos-

277 1530 504 1591 centes,
530 1521 816 1600 quosdam
851 1521 1166 1602 superioris
1205 1520 1424 1581 ordinis
1459 1522 1798 1593 movebant,
1840 1532 1909 1583 ut
1944 1544 2184 1586 manen·
2210 1534 2335 1585 cen.

277 1616 426 1679 dum
479 1626 540 1677 et
593 1619 722 1677 acie
774 1617 1122 1677 certandum
1174 1626 1466 1697 putarent.
1551 1616 1677 1679 Sed
1733 1618 1941 1680 Caesar
1990 1641 2183 1702 neque

280 1714 572 1774 militibus
617 1715 938 1795 perterritis
978 1712 1466 1774 committendum
1509 1723 1693 1787 ratus,
1736 1736 1951 1796 neque,
1992 1715 2185 1781 donec

279 1809 370 1870 illi
421 1812 748 1892 reciperent
797 1812 1080 1881 animum,
1122 1810 1324 1891 inopia
1367 1810 1650 1872 frumenti
1685 1812 1864 1873 dante
1905 1816 2181 1895 spatium,
2209 1832 2322 1881 Dio.

276 1906 580 1967 discedere
609 1906 742 1969 loco
761 1907 988 1977 statuit,
1007 1906 1148 1970 etin
1169 1904 1536 1967 Thessaliam
1553 1906 1867 1989 proficisci,
1894 1910 1997 1971 ubi
2021 1932 2184 1973 com·
2215 1897 2339 1948 vell.
2358 1894 2479 1945 ¹³⁵⁰·

277 2002 600 2063 modiorem
627 2004 790 2064 bello
813 2003 1092 2084 sperabat
1109 2003 1408 2080 regionem
1434 2002 1580 2074 fore,
1606 2005 1905 2085 expeditis
1926 2026 2183 2067 comme-

279 2100 478 2161 atibus
503 2122 608 2181 per
643 2102 976 2180 Longinum
1018 2110 1082 2161 et
1116 2099 1600 2184 Calvisium,·qui
1629 2102 1915 2162 nonnulla
1941 2105 2013 2165 iis
2040 2105 2187 2167 locis

275 2196 504 2277 oppida
531 2207 894 2278 receperant,
923 2196 1244 2275 adjuvante
1271 2216 1350 2257 ex
1389 2194 1689 2257 Thessalis
1724 2184 1995 2273 Petreio,
2021 2222 2183 2263 sum-
2208 2211 2334 2292 (ἕως.

224 2360 234 2369 ,
277 2314 395 2355 mae
421 2294 748 2355 nobilitatis
763 2297 1007 2374 juvene.

361 2398 464 2451 53.
507 2390 688 2462 Cum,
741 2392 1042 2472 praemissa
1091 2398 1250 2451 trans
1302 2390 1609 2451 Genusum
1664 2411 1897 2452 amnem
1960 2396 2185 2473 majore

276 2499 448 2569 parte
471 2490 801 2570 copiarum,
828 2488 1033 2549 Caesar
1068 2488 1430 2549 conclamari
1465 2510 1611 2551 vasa
1639 2490 1932 2569 jussisset,
1958 2510 2078 2571 quo
2102 2494 2184 2551 si-

273 2586 402 2645 mul
429 2585 695 2656 utilitati,
722 2586 894 2646 simul
930 2586 1105 2647 famae
1141 2586 1578 2655 consuleretur;
1623 2587 1785 2667 apud
1822 2587 2185 2670 Pompeium

273 2682 584 2743 sententiis
631 2684 988 2743 variabatur.
1073 2681 1284 2754 Multi,
1327 2692 1566 2743 auctore
1605 2683 1890 2753 Afranio,
1936 2683 2181 2745 Italiam
2207 2689 2419 2757 Appian-

273 2778 422 2859 peti,
451 2777 552 2839 alii
591 2779 814 2839 bellum
839 2780 994 2839 trahi
1021 2778 1323 2839 volebant.
1408 2764 1706 2860 Pompeio
1744 2789 2011 2839 neutrum
2038 2783 2183 2841 satis
2204 2756 2507 2885 ssffikpomp.

271 2876 680 2955 probabatur:
727 2895 831 2956 pro
862 2874 1046 2950 Italia
1069 2875 1292 2935 bellum
1315 2896 1376 2935 se
1406 2896 1606 2955 gerere
1631 2874 1895 2947 dicebat,
1935 2896 2044 2937 nec
2070 2897 2176 2958 op-
2206 2886 2321 2934 Dio.

274 2990 608 3051 pressurum
635 2992 772 3051 quae
795 2970 1040 3031 defensa
1063 2981 1126 3031 et
1149 2980 1382 3031 servata
1409 2972 1655 3053 cupiat3
1702 2992 1895 3052 neque
1920 2971 2179 3033 dandum
2203 2950 2386 3000 Lucan.

274 3066 432 3125 hosti
483 3070 788 3147 perterrito
848 3068 1124 3147 spatium.
1209 3068 1372 3147 Ergo
1431 3068 1801 3129 recedentem
1856 3067 1933 3129 ad
1988 3070 2182 3150 priora
2206 3078 2330 3127 (ἕως.

271 3171 472 3223 castra
498 3162 821 3235 Caesarem,
847 3184 982 3247 quae
1007 3163 1242 3225 fuerant
1283 3173 1492 3225 contra
1529 3164 1938 3245 Asparagium
1963 3167 2180 3246 posita,

271 3259 646 3339 vicissimque
674 3260 812 3320 inde
847 3269 1206 3339 moventem,
1241 3270 1474 3321 strenue
1513 3263 1833 3332 insecutuS,
1869 3271 2183 3343 postquam

273 3354 524 3437 adipisci
550 3377 718 3437 posse
744 3358 1104 3437 desperavit,
1143 3356 1220 3417 ad
1259 3356 1596 3439 Scipionem
1639 3378 1951 3439 properare
1978 3359 2179 3439 coepit,

270 3454 330 3513 ei
366 3454 600 3525 timens,
631 3474 704 3515 ne
735 3474 774 3517 a
816 3454 1052 3515 Oaesare
1087 3455 1530 3536 opprimeretur.
1615 3454 1777 3515 Haec
1813 3455 1969 3516 enim
1997 3455 2181 3517 ferme

271 3571 501 3611 stimma
519 3552 752 3613 consilii
775 3552 1034 3631 utrisque
1053 3561 1203 3623 erat,
1225 3562 1292 3612 ut
1311 3552 1539 3623 Caesar,
1559 3552 1610 3611 si
1631 3562 1975 3633 sequeretur
1990 3552 2181 3613 Pom-

123 3655 130 3663 '
237 3633 465 3735 peius,
510 3648 863 3728 aequioribus
908 3647 1055 3709 locis
1080 3638 1319 3709 ‘bellum
1363 3657 1632 3727 gesturus
1681 3647 2018 3717 videretur;
2090 3650 2179 3709 sin

269 3766 410 3807 vero
447 3747 872 3807 transmitteret
903 3748 963 3805 in
1009 3744 1280 3817 Italiam,
1318 3743 1525 3806 eodem
1563 3764 1669 3825 per
1694 3744 2008 3825 Illyricum
2035 3764 2178 3804 con-

273 3842 539 3913 tendere,
558 3851 852 3924 postremo
871 3844 1144 3904 omnibus
1167 3842 1314 3905 locis
1333 3842 1630 3912 exclusus,
1647 3842 1977 3901 exercitum
2004 3860 2181 3921 quem

277 3938 486 4021 Scipio
511 3960 698 4022 nuper
731 3940 1067 4002 adduxerat
1107 3938 1454 4010 obsidendo,
1479 3938 1773 3999 retrahere
1818 3936 2179 4017 Pompeium

274 4057 444 4120 posse
485 4045 741 4118 putaret.
825 4038 1154 4119 Pompeius
1191 4036 1483 4107 similiter,
1520 4037 1645 4096 sive
1692 4033 2033 4115 Scipionem
2072 4053 2175 4113 ag-

272 4134 440 4214 gredi
467 4133 672 4194 Caesar
689 4136 1007 4207 statuisset,
1029 4134 1108 4197 ad
1133 4134 1422 4196 auxilium
1445 4132 1765 4195 festinabat
1786 4153 1803 4203 ;
1848 4131 1973 4191 sive
2000 4150 2175 4212 prop-

272 4240 362 4291 ter
385 4233 614 4313 copias,
641 4251 776 4311 quae
800 4234 878 4292 ab
907 4232 1094 4293 Italia
1118 4232 1613 4313 expectabantur,
1638 4228 1939 4289 discedere
1968 4228 2045 4286 ab
2071 4246 2177 4286 ora

275 4329 568 4389 maritima
579 4328 1202 4400 nollet,Domitianum
1210 4330 1536 4389 exercitum
1547 4325 1727 4387 deleri
1740 4344 1908 4407 posse
1920 4324 2172 4383 rebatur.

353 4432 456 4485 54.
501 4424 660 4485 Cum
702 4424 924 4487 Oaesari
964 4426 1294 4489 necessario
1333 4425 1491 4506 prius
1531 4424 1806 4487 adeunda
1848 4419 2177 4503 Apollonia
