3300 5234
779 788 914 849 Plutss

785 1010 904 1063 Dio.

1736 558 1806 611 Τ.
1852 558 2051 610 mvn

1183 708 1286 765 68.
1328 699 1567 765 Idcirco
1601 722 1741 764 cum
1771 700 2105 775 latrocinia,
2148 700 2293 763 locis
2316 700 2435 764 illis
2456 698 2741 774 solennia,
2768 701 2995 763 minore

1107 800 1344 879 negotio
1386 814 1757 880 compescere
1808 807 2023 882 praetor
2058 808 2275 881 posset,
2323 797 2549 859 bellum
2596 796 2843 858 maluit:
2886 818 2994 858 no-

1104 891 1554 977 veque'legione
1577 915 1799 977 paucos
1832 897 1987 957 intra
2023 895 2149 957 dies
2186 916 2363 977 supra
2401 895 2622 976 priores
2661 894 2813 955 dues
2850 914 2995 957 con-

1103 993 1342 1074 scripta,
1378 992 1688 1055 contendit
1710 993 1789 1055 ad
1816 993 2195 1055 Herminium
2218 1002 2499 1065 montem,
2526 1000 2589 1053 et
2610 992 2995 1065 habitatores,

1101 1090 1216 1151 situ
1261 1089 1378 1151 loci
1416 1088 1493 1149 ud
1533 1090 1767 1171 praedns
1806 1090 2065 1169 agendas
2102 1090 2331 1151 incitari
2374 1098 2668 1161 causatus,
2710 1089 2771 1147 in
2812 1087 2998 1172 plana

1089 1188 1274 1266 jussit
1315 1186 1689 1249 descendere.
1756 1188 1859 1249 Sic
1892 1188 2062 1249 initio
2097 1186 2244 1247 belli
2270 1188 2543 1268 quaesito,
2584 1194 2647 1247 et
2674 1186 2784 1245 hos
2816 1184 2997 1243 umis

1100 1283 1366 1345 domuit:
1395 1292 1460 1345 et
1482 1285 1710 1345 vicinos
1736 1283 2005 1366 populos,
2028 1284 2154 1364 qui,
2176 1283 2397 1345 relictis'
2416 1282 2655 1365 oppidis
2678 1284 2818 1354 suis,
2834 1290 2997 1342 trans

1104 1379 1358 1442 Durium
1399 1400 1630 1441 amnem
1674 1400 1813 1441 cum
1852 1382 2136 1444 uxoribus
2172 1381 2489 1464 liberisque
2528 1380 2859 1459 fugiebant,
2884 1400 2995 1463 op-

1099 1479 1329 1557 pressit.
1427 1508 1436 1519 ·

1175 1580 1279 1636 69.
1322 1573 1714 1635 Rebellantes
1735 1574 1952 1636 deinde
1978 1576 2194 1637 montis
2237 1573 2543 1637 Herminii
2586 1573 2817 1649 incolas
2856 1592 2995 1635 cum

1095 1670 1304 1730 iterum
1349 1666 1564 1734 subito
1591 1669 1833 1733 adortus
1881 1672 2265 1753 profligasset,
2321 1681 2502 1752 atque
2552 1670 2668 1744 illi,
2718 1670 2862 1750 fuga
2914 1670 2996 1731 ad

1093 1786 1378 1827 oceanum
1393 1766 1577 1840 fecta,
1598 1769 1661 1828 in
1682 1768 1983 1850 quandam
2000 1769 2252 1829 insulam
2270 1767 2741 1848 nansjecissenu
2768 1776 2995 1848 partem

1093 1862 1346 1925 militum
1371 1865 1596 1925 ratibus
1620 1866 1977 1946 impositam,
2005 1866 2149 1947 quia
2172 1866 2411 1953 navigia
2438 1864 2705 1937 deerant,
2732 1864 2996 1925 immisit.

1041 1992 1048 2003 ·
1097 1959 1218 2021 Sed
1245 1960 1349 2021 ille
1382 1962 1480 2022 cui
1517 1962 1887 2023 commissum
1922 1962 2039 2023 hoc
2080 1964 2378 2043 negotium
2406 1961 2622 2034 fuerat,
2660 1962 2721 2021 in
2750 1960 2999 2043 scopulo

1093 2057 1352 2138 quodam
1395 2059 1596 2119 vicino
1636 2059 1841 2119 insulae
1880 2060 2156 2141 exposuit
2202 2061 2429 2142 copias,
2476 2058 2731 2141 pedestri
2776 2057 2997 2119 deinde

1094 2154 1302 2215 itinere
1337 2163 1704 2237 perrecturus
1736 2155 1817 2216 ad
1861 2156 2127 2217 hostem:
2148 2154 2173 2189 ¹*
2204 2157 2351 2238 ipse,
2391 2157 2732 2237 priusquam
2771 2154 3001 2217 faceret

1091 2252 1553 2324 exscensionem,
1597 2252 1876 2335 abreptus
1920 2262 2067 2315 aestu
2118 2262 2474 2327 recurrente,
2514 2252 2845 2333 relinquere
2886 2272 3001 2313 ex·

1009 2414 1018 2429 ⁸
1093 2347 1314 2428 positos
1335 2358 1576 2410 coactns
1599 2359 1708 2411 est.

1172 2450 1274 2509 70.
1317 2444 1422 2507 Ibi
1445 2446 1667 2508 milites
1684 2448 2074 2510 circumventi
2108 2448 2363 2529 caesique
2401 2454 2558 2519 sunt,
2600 2466 2737 2507 cum
2763 2445 2998 2508 fortiter

1093 2540 1458 2623 aliquamdiu
1484 2564 1547 2605 se
1572 2543 2006 2607 defendissentz
2048 2566 2265 2626 neque,
2312 2552 2525 2626 praeter
2568 2543 2651 2605 P.
2696 2542 2997 2615 Scaevam,

1094 2637 1443 2719 prodigiosae
1481 2636 1719 2703 virtutis
1752 2642 2069 2715 hominem,
2108 2644 2421 2725 quisquam
2450 2650 2713 2703 servatus
2735 2648 2846 2703 est.
2930 2640 3001 2701 Is

1091 2755 1230 2795 cum
1252 2734 1356 2796 diu
1381 2756 1657 2817 magnam
1681 2738 1937 2800 hostium
1976 2738 2408 2801 multitudinem
2440 2738 2825 2809 sustinuisset,
2860 2756 3001 2797 snu-

1093 2830 1220 2891 cius
1250 2830 1574 2913 fessusque,
1617 2842 1809 2906 scuto,
1844 2834 2005 2915 quod
2020 2837 2153 2915 jem
2194 2835 2403 2896 inutile
2442 2834 2729 2896 innumeri
2754 2834 2999 2914 excepti

1093 2927 1248 2987 ictus
1269 2927 1553 3000 fecerant,
1579 2930 1812 3004 relicto,
1835 2951 1900 2991 se
1919 2932 2179 3010 conjecit
2195 2932 2632 3002 inaestuarium,
2655 2938 2721 2991 et
2738 2930 2995 3001 interim,

1097 3024 1200 3085 ubi
1245 3024 1587 3105 profundior
1631 3046 1792 3107 aqua
1828 3030 2197 3101 occurrebat,
2244 3027 2505 3090 natando
2548 3028 2654 3089 vix
2696 3027 2889 3089 evasit
2933 3028 2999 3087 in

1097 3119 1297 3192 littus3
1339 3130 1776 3204 conspectoque
1803 3122 2063 3197 Caesare,
2101 3126 2207 3205 qui
2241 3125 2371 3186 hoec
2408 3126 2609 3186 omnia
2630 3144 2765 3185 curn
2802 3122 2999 3183 admi-

809 3222 922 3273 Val.
945 3222 1079 3274 Max.
1101 3218 1328 3279 ratione
1365 3217 1618 3291 viderat,
1658 3222 1905 3299 genibus
1944 3221 2221 3284 accidens
2260 3222 2495 3283 veniam
2535 3219 2875 3281 amissorum
2900 3238 2999 3279 ar-

778 3304 865 3338 111.
886 3293 938 3341 2.
952 3292 1034 3347 23.

815 3514 950 3565 Plut.

1101 3332 1324 3377 morum
1347 3315 1601 3397 supplex
1629 3317 1821 3399 petiit.
1878 3318 2105 3391 Caesar,
2134 3338 2251 3379 non
2277 3317 2455 3379 modo
2479 3319 2695 3379 virtute
2717 3316 2999 3389 hominis,

1098 3410 1206 3471 sed
1231 3412 1410 3472 etiam
1427 3412 1763 3494 disciplinae
1788 3417 2117 3499 reverentia
2138 3414 2410 3496 probata,
2444 3415 2911 3476 centurionatum
2938 3416 3001 3475 ei

1100 3509 1324 3589 praemii
1345 3509 1477 3570 loco
1495 3508 1678 3571 dedit.
1732 3509 1857 3572 Sed
1880 3511 1993 3573 hoc
2010 3510 2253 3594 quidem
2270 3512 2378 3573 alii
2400 3511 2751 3573 Britannico
2768 3510 2997 3575 fectum

774 3578 892 3632 vd·
911 3581 1052 3631 Mu·
1103 3605 1264 3667 bello
1285 3605 1696 3670 tradiderunt:
1738 3608 1899 3688 quod
1924 3610 1975 3670 si
2000 3611 2089 3671 ite
2120 3614 2295 3682 esset,
2330 3610 2433 3672 vix
2456 3606 2667 3669 fuisset
2690 3629 2729 3670 a
2754 3609 2997 3673 cmo

1165 3826 1189 3861 f
1212 3829 1275 3879 In
1293 3830 1482 3891 scopulo
1501 3832 1704 3907 quodqu-
1738 3832 1895 3881 υὲοἰιιο
1930 3832 2007 3882 in·
2075 3833 2263 3883 rationi
2334 3812 2690 3897 'perspicuitas
2762 3840 2995 3885 constet.

1003 3897 1008 3904 “
1101 3894 1220 3943 ⁸⁸1ae
1273 3900 1490 3957 aponus
1553 3910 1733 3958 copus,
1794 3898 2008 3961 pedestri
2074 3900 2201 3950 Dux
2223 3899 2329 3961 ille,
2364 3898 2597 3963 quisquis
2631 3896 2813 3959 fuerit,
2835 3913 2999 3963 expo-

1099 3958 1269 4008 des-de
1289 3958 1461 4009 §tinen
1475 3964 1780 4021 perrectum
1804 3964 1867 4010 nd
1900 3962 2005 4011 hoe-
2075 3970 2255 4013 snerat
2286 3962 2476 4013 milites
2498 3976 2560 4011 eo
2582 3961 2869 4027 loci‚,unde
2906 3978 2998 4027 pe-

1097 4022 1218 4085 tem]
1253 4023 1356 4072 Hic
1376 4027 1530 4072 antea
1549 4023 1823 4101 legebatur
1836 4025 2009 4075 vicina
2074 4028 2236 4077 deutri
2257 4026 2447 4078 itinere
2461 4027 2529 4105 ad
2550 4026 2752 4105 bostem
2772 4042 2997 4089 pergere

1099 4095 1292 4201 gione-
1355 4102 1556 4202 Susanna
1571 4089 1767 4203 (5:³13
1772 4104 1904 4220 :1¹:⁸12-
1928 4104 2011 4205 :ex-
2080 4092 3003 4227 ffiaffffidgfssfffflQfflzhssffi'ssff

1098 4223 1348 4279 quuntur,
1385 4224 1552 4267 totum
1573 4218 1673 4268 hoc
1704 4218 2013 4285 membrum,
2080 4223 2209 4285 suis,
2240 4230 2300 4271 ut
2321 4236 2431 4285 eos,
2464 4221 2550 4271 ubi
2577 4235 2708 4284 opus
2730 4231 2890 4283 esset,
2914 4237 2998 4273 re·-

1096 4282 1113 4307 ⁸
1135 4281 1430 4345 priusquam
1463 4279 1667 4333 faceret
1718 4286 2017 4335 exscensio·
2082 4288 2301 4351 ciperet.
2388 4285 2496 4338 Sed
2536 4294 2665 4336 ωσι·
2722 4287 2999 4351 abreptus,

1097 4343 1256 4406 nem‚'
1289 4347 1354 4395 ab
1391 4346 1745 4398 Freinshemio
1764 4350 1902 4399 haud
1932 4365 2014 4400 sa·
2084 4353 2352 4417 expositos
2420 4350 2711 4417 relinquere
2780 4360 2997 4403 coactus

1101 4408 1170 4458 tis
1211 4410 1480 4460 commode
1527 4412 1763 4463 additum
1816 4421 1914 4475 est,
1958 4419 2015 4464 et
2084 4427 2185 4469 est.
2223 4417 2365 4467 Creu.
2962 4430 2981 4449 ·

1097 4488 1308 4539 prorsus
1329 4477 1689 4543 resecandum,
1708 4486 1765 4529 nt
1785 4493 1877 4530 sna
1898 4494 2015 4529 nar·
2446 4480 2454 4489 ’
