3300 5234
757 583 937 652 5358
1670 629 1679 644 .
1732 597 1807 645 τ.
1852 594 2041 644 mvn

1085 742 1334 804 servulis
1357 742 1634 820 lecticam
1660 741 1871 821 impari
1892 757 2093 818 gressu
2117 734 2602 806 succollantibus,
2622 733 3001 816 dependente

1089 839 1337 901 brachio
1361 839 1603 901 domum
1630 845 2043 918 reportaretur.

1169 943 1272 997 61.
1316 934 1440 996 Sed
1475 953 1841 1016 percussores
1866 931 2143 1003 Caesaris,
2170 939 2485 1012 postquam
2525 930 2587 988 in
2626 929 2794 989 curia
2824 948 3003 990 nemo

1090 1031 1414 1113 praestabat
1437 1031 1825 1102 audientiam,
1854 1031 2007 1108 togis
2028 1031 2255 1090 circum
2280 1027 2435 1090 laeva
2462 1024 2709 1086 brachia
2746 1027 3005 1088 circum-

770 1141 906 1190 Plut.
925 1139 1065 1190 Brut.
1091 1127 1334 1200 volutis,
1359 1136 1632 1189 cruentos
1671 1128 1956 1208 pugiones
1980 1123 2327 1205 quatiendo,
2366 1131 2531 1184 recta
2568 1123 2899 1204 pergebant
2940 1125 3004 1184 in

749 1199 988 1336 Ram..
1043 1229 1053 1236 ‘
1083 1207 1308 1298 forum,
1334 1225 1679 1306 praeferente
1706 1222 1963 1305 quodam
2000 1223 2061 1282 in
2100 1223 2274 1282 basta
2296 1220 2540 1302 pileum,
2568 1219 2861 1280 libertatis
2883 1221 3005 1300 sig-

1093 1339 1274 1382 num:
1315 1321 1819 1400 hortabanturque
1844 1318 2152 1400 populum,
2195 1327 2213 1354 ‘
2234 1335 2429 1396 regem
2464 1325 2647 1398 atque
2684 1327 3005 1398 tyrannum

774 1417 1467 1550 ¹fulcit-Phil.*interfectum
1506 1439 1633 1479 esse
1649 1419 1666 1444 '
1712 1417 2072 1478 dictitantes.
2156 1415 2242 1474 Et
2288 1413 2383 1474 Μ.
2430 1415 2657 1474 Brutus
2694 1423 3007 1476 cruentum

1095 1514 1214 1575 alte
1253 1515 1552 1577 extollens
1587 1515 1927 1596 pugionem,
1957 1512 2309 1574 Ciceronem
2347 1511 2691 1572 nominatim
2716 1510 3007 1573 inclama·

1095 1613 1208 1684 vit,
1235 1621 1417 1692 atque
1442 1613 1500 1672 ei
1525 1619 1935 1692 recuperatam
1960 1609 2299 1670 libertatem
2323 1617 2415 1668 est
2438 1607 2787 1688 gratulatus.

769 1727 903 1776 Plut.
932 1725 1049 1776 Dio,
1175 1715 1278 1768 62.
1321 1708 1573 1770 Interim
1597 1707 1863 1769 nonnulli
1903 1707 2307 1788 aggregabant
2328 1727 2391 1766 se
2418 1706 2715 1776 euntibus,
2740 1703 2909 1768 laudi
2946 1715 3011 1766 et

775 1793 1054 1906 A‘ppinmhss
1095 1803 1340 1885 praemio
1363 1803 1626 1866 futurum
1649 1805 1789 1877 rati,
1808 1807 1861 1865 si
1878 1805 2099 1884 egregii
2124 1802 2403 1864 facinoris
2424 1803 2573 1863 socii
2596 1803 3009 1864 existimaren-

769 1855 982 1972 11‚¹1⁶i,P
1057 1891 1071 1908 ⁸
1095 1909 1228 1961 tur:
1270 1921 1306 1962 e
1347 1903 1564 1982 quibus
1605 1911 1812 1982 postea
1859 1901 1937 1962 C.
1982 1901 2298 1972 Octavius,
2340 1901 2425 1962 P.
2470 1899 2761 1961 Lentissus
2798 1900 2887 1961 P.
2933 1901 3005 1960 F.

772 1985 907 2062 PM:
929 1984 1060 2036 ⁶⁸³⁵·
1098 1998 1401 2081 Spinther,
1427 2001 1675 2080 ejusque
1716 1999 2027 2061 familiaris
2063 1999 2369 2070 Patiscus,
2406 1997 2631 2079 aliique
2670 1996 3011 2060 vindicibus

770 2048 1010 2164 Agifflih
1097 2095 1356 2158 Caesaris
1379 2117 1578 2178 poeuas
1603 2096 1897 2157 dederunt
1921 2096 2271 2167 insolentiae,
2292 2095 2456 2176 quod
2480 2115 2544 2156 se
2572 2095 3012 2176 percussoribus

770 2177 910 2228 rm·
933 2195 1033 2228 ¹¹¹·
1095 2195 1484 2263 miscuerant3
1527 2214 1668 2254 cum
1688 2193 1912 2254 nullam
1932 2203 2159 2275 partem
2186 2190 2387 2272 gloriae
2412 2193 2710 2265 tulissent,
2734 2193 3013 2254 omnibus

774 2247 910 2360 ab,
1095 2311 1200 2351 eos
1232 2290 1392 2352 facto
1417 2311 1536 2352 non
1563 2291 1799 2352 affuisse
1838 2292 2176 2352 scientibus.
2262 2289 2385 2352 Sed
2411 2289 2667 2371 populus
2690 2290 2797 2351 diu
2824 2291 3010 2372 trepi-

773 2372 990 2486 ssli'g'iu'·
1095 2385 1262 2460 dato,
1301 2390 1402 2449 ubi
1439 2390 1731 2449 nemiuem
1770 2397 2057 2470 praeterea
2088 2388 2227 2449 laedi
2264 2388 2461 2469 petive
2494 2387 2781 2459 constitit,
2823 2388 3014 2449 verba

771 2470 908 2578 Piut’.
931 2501 1073 2554 Brut.
1097 2507 1502 2596 percussorum
1557 2490 1792 2598 accepit
1840 2487 2237 2599 tranquillior,
2282 2496 2299 2523 ‘
2322 2487 2502 2596 bono·
2524 2488 2723 2599 animo
2739 2487 2758 2514 ’
2785 2487 3011 2597 juben-

773 2565 907 2680 {¹⁰⁰⁶
1098 2592 1246 2644 tium
1289 2594 1310 2622 ⁸
1329 2605 1476 2657 esse,
1505 2596 1819 2666 positoque
1846 2605 2005 2646 omni
2028 2593 2211 2656 metu,
2238 2603 2419 2666 quam
2444 2583 2545 2644 diu
2570 2594 2725 2644 votis
2748 2593 3011 2664 expetis-

824 2647 990 2696 ppun.
1099 2689 1253 2752 sent,
1290 2701 1446 2742 nunc
1488 2681 1782 2743 beneficio
1824 2703 1932 2743 suo
1948 2683 2256 2753 haberent,
2282 2701 2491 2762 puram
2506 2681 2735 2740 haurire
2764 2681 3015 2741 liberta-

1099 2779 1263 2838 tem.'
1301 2776 1403 2838 Ita
1417 2778 1799 2840 multitudine
1820 2789 2139 2859 utcumque
2163 2777 2427 2859 placata,
2448 2799 2641 2858 neque
2664 2787 2865 2838 tamen
2892 2777 3017 2838 illis

775 2891 1079 2944 vendam.
1101 2895 1164 2934 se
1190 2875 1573 2954 adjungente,
1604 2876 1975 2957 Capitolium
2004 2876 2323 2956 petierunt,
2347 2885 2627 2956 tanquam
2658 2875 2797 2935 Diis
2818 2877 3015 2938 actuari

775 2957 884 3006 1³¹⁷·
905 2957 1044 3023 Epit.
1101 2973 1355 3050 gratias;
1399 2971 1666 3053 illudque
1690 2973 1894 3053 stipati
1922 2992 2097 3032 manu
2124 2970 2517 3050 gladiatorum
2541 2982 2929 3054 occuparunt.

809 3069 916 3122 Cic.
937 3071 1002 3121 ad
1183 3073 1284 3128 63.
1331 3066 1658 3129 Clamabat
1696 3078 1821 3129 tum
1850 3069 2089 3139 Cicero,
2134 3079 2151 3104 ⁶
2170 3077 2436 3129 senatum
2479 3069 2539 3128 in
2578 3068 2951 3150 Capitolium
2976 3091 3017 3130 a

774 3134 1081 3189 Mamm·
1103 3164 1454 3244 praetoribus
1481 3167 1684 3227 vocari
1710 3170 2019 3246 oportere?
2100 3164 2283 3232 Quod
2310 3163 2575 3245 profecto
2616 3167 2667 3226 si
2704 3163 2861 3227 foret
2884 3165 3013 3227 fac·

1105 3267 1253 3332 tum,
1291 3259 1465 3340 longe
1502 3262 1674 3323 aliter
1698 3272 1877 3344 atque
1916 3263 2139 3324 accidit
2174 3263 2453 3324 constitui
2478 3262 2813 3344 respublica
2834 3273 3015 3346 potu-

777 3347 995 3414 APPiffl·
1101 3355 1266 3416 isset.
1349 3356 1665 3419 Venerant
1702 3368 1903 3420 tamen
1950 3360 2010 3419 in
2050 3359 2443 3441 Capitolium,
2492 3359 3017 3441 advesperascente

776 3460 1053 3592 {alyne-211.
1100 3450 1221 3524 die,
1242 3451 1564 3526 Favonius,
1587 3457 1913 3536 Aquinius,
1944 3456 2212 3528 Murcus,
2240 3456 2555 3518 Patiscus:
2596 3457 2703 3518 sed
2726 3466 2791 3520 et
2818 3457 3013 3520 Dola-

811 3593 992 3644 Emb·
1101 3548 1288 3621 bella,
1305 3552 1442 3629 jam
1465 3553 1673 3612 consul
1695 3571 1712 3612 τ
1740 3554 1963 3634 quippe
1989 3551 2179 3613 fasces
2204 3563 2383 3632 atque
2408 3553 2659 3633 insignia
2680 3554 3017 3616 muln-ia
3130 3578 3136 3586 .

777 3657 960 3732 esron.
1101 3647 1304 3707 statim
1331 3649 1713 3729 corripuerat,
1740 3670 2083 3731 quanquam
2109 3649 2273 3710 nullo
2297 3653 2437 3730 jure
2470 3651 2668 3712 facere
2690 3651 3010 3724 videretur,

778 3721 899 3772 ΒΨ·
1101 3743 1545 3805 substituendus
1571 3747 1634 3806 in
1659 3747 1857 3807 locum
1884 3745 2170 3827 profecti:
2211 3747 2315 3808 sed
2350 3746 2453 3808 ille
2480 3749 2809 3828 profectum
2838 3751 3013 3810 inter-

1103 3841 1471 3919 pretabatur,
1497 3844 1602 3922 qui
1628 3853 1782 3907 esset
1806 3845 1863 3903 iu
1892 3865 1967 3904 ea
1988 3863 2173 3904 causa
2208 3853 2278 3904 ut
2300 3845 2555 3926 amplius
2580 3844 2875 3928 proficisci
2899 3867 3011 3906 non

776 3949 999 4016 Appiam.
1104 3945 1320 4016 posset.
1403 3938 1713 4002 Postridie
1754 3940 1887 4001 foro
1928 3939 2130 4000 venali
2172 3940 2348 4001 turba
2392 3941 2640 4022 repleto,
2683 3961 2867 4022 quam
2910 3963 3015 4024 per

1104 4032 1328 4094 amicos
1373 4034 1616 4096 Cassius
1659 4044 2130 4117 comparaverat,
2172 4038 2423 4116 jactatae
2464 4059 2649 4099 voces
2692 4049 2853 4110 sunt,
2899 4058 3013 4100 nou

1103 4129 1480 4208 probantium
1506 4131 1755 4206 factum,
1794 4133 1901 4193 sed
1945 4151 2153 4213 paoem
2193 4142 2257 4192 et
2296 4133 2673 4195 concordiam
2710 4135 3015 4216 posuilan-

1103 4225 1288 4286 tium:
1331 4247 1466 4306 quae
1508 4250 1622 4306 res,
1652 4231 1763 4291 nisi
1804 4231 2200 4310 ignosceretur
2238 4230 2733 4302 interfectoribus,
2758 4233 3011 4293 obtineri

1103 4341 1220 4382 non
1251 4331 1504 4404 poterat.

810 4410 924 4461 Ἠ·
943 4409 1080 4461 Mu.
1181 4425 1285 4480 64.
1330 4419 1497 4482 Haec
1547 4421 1860 4500 agentibus
1909 4423 2285 4486 commodum
2328 4423 2399 4484 L.
2448 4423 2765 4486 Cornelius
2816 4425 3013 4488 Cinna

777 4490 856 4526 ¹¹·
877 4481 928 4528 θ’
1103 4525 1319 4594 praetor
1360 4518 1719 4600 supervenit.
1804 4517 1872 4580 Is
1906 4539 2098 4602 neque
2122 4519 2449 4596 affinitatis,
2474 4541 2668 4603 neque
2692 4521 3008 4586 beneficio·
