3300 5234
689 509 884 581 5164·
1481 590 1486 595 ,
1652 526 1727 576 r.
1776 522 1967 575 mvn

689 694 821 746 cos.
1015 690 1134 751 que
1161 668 1403 751 Magius
1427 670 1700 731 remissus
1717 667 1795 729 ad
1818 665 2121 729 omrem
2144 674 2259 739 est,
2284 667 2335 727 si
2364 665 2591 727 cve-ari
2616 664 2927 726 credimus.

721 792 924 841 Sueton.
1019 768 1303 829 Ceterum
1326 766 1432 827 ille
1457 766 1671 837 muita,
1696 786 1819 827 suae
1844 784 2041 826 causae
2064 766 2345 836 serviens,
2372 763 2449 824 de
2476 762 2766 823 industria
2792 784 2927 845 per-

692 856 822 907 cos.
839 872 887 908 ⁰·
907 858 991 905 ⁶⁶·
1015 884 1220 946 peram
1239 864 1431 925 edidit
1450 885 1467 933 ς
1494 862 1662 945 quod
1684 871 1749 923 et
1773 861 1985 922 Pollio
2006 860 2255 921 Asinius
2270 858 2559 921 affirmare
2574 868 2665 920 est
2688 860 2925 933 solitus,

1014 962 1120 1043 qui
1161 981 1300 1023 cum
1343 980 1417 1021 eo
1457 960 1690 1021 transiit
1714 956 2118 1029 Rubiconem,
2164 957 2456 1037 rebusque
2500 956 2598 1016 his
2638 956 2932 1019 interfuit.

691 1066 996 1199 &aa
1016 1056 1122 1215 Ξῖ
1147 1056 1740 1215 {amm
1762 1053 2065 1233 ‘¹333
2092 1052 2933 1212 romsffizsszz

691 1198 865 1313 ggmad
885 1260 996 1315 Δια.
1015 1252 1354 1333 scripserit,
1373 1271 1412 1311 a
1438 1250 1557 1312 Cn.
1597 1248 1899 1329 Pompeio
1932 1248 2169 1309 missum
2208 1268 2337 1309 esse
2377 1222 2497 1309 Gn.
2536 1246 2813 1329 Magium
2850 1248 2931 1310 de

690 1343 772 1392 ΕΡ·
795 1331 880 1379 ¹⁸·
1017 1368 1202 1430 pace:
1243 1368 1306 1408 se
1333 1367 1470 1427 quoe
1495 1348 1627 1407 visa
1650 1344 1902 1406 fuissent
1926 1344 2312 1427 respondisse.

691 1441 824 1493 Cen.
1096 1450 1198 1509 71.
1241 1444 1345 1506 Sic
1367 1445 1532 1525 pacis
1557 1443 1917 1523 cogitatione
1945 1443 2413 1523 quibuscumque
2438 1440 2517 1502 de
2540 1442 2735 1503 causis
2760 1444 2931 1525 peni·

690 1538 990 1656 *5³33*
1014 1540 2081 1716 ffibffisszffioffiffifflffi
2095 1539 2935 1719 {Zhi'b‘ssssepffmigissffl‘ss

1014 1734 1120 1795 tris
1145 1734 1224 1795 ad
1263 1742 1464 1814 portas
1496 1732 1705 1815 oppidi
1747 1734 1975 1815 positis,
2012 1753 2164 1813 opus
2192 1752 2473 1811 magnum
2510 1742 2575 1793 et
2604 1732 2933 1795 multorum

1013 1829 1266 1902 dierum,
1312 1838 1548 1912 propter
1583 1828 1956 1889 altitudinem
1996 1829 2195 1900 maris,
2234 1828 2516 1900 instituit,
2558 1829 2640 1889 ab
2678 1836 2933 1909 utroque

1013 1936 1220 2009 portus
1241 1946 1422 1987 cornu
1449 1927 1638 1988 moles
1650 1924 1908 2007 jaciens.
1996 1926 2149 2005 Ejus
2171 1926 2367 2007 operis
2392 1926 2545 1987 ratio
2572 1946 2687 1986 non
2716 1926 2933 1988 melius

1015 2024 1257 2105 exponi,
1303 2043 1483 2105 quam
1517 2024 1596 2084 ab
1634 2044 1709 2083 eo
1747 2024 1987 2103 ingenio
2029 2032 2245 2103 potest,
2288 2042 2327 2083 a
2360 2042 2483 2103 quo
2522 2024 2931 2101 excogitatum

692 2116 820 2169 0¹⁸⁸·
1007 2121 1357 2201 jussumque
1398 2118 1532 2181 fuit.
1618 2120 1765 2187 Qua
1798 2118 2005 2179 fauces
2037 2128 2207 2179 erant
2240 2120 2671 2198 angustissimae
2702 2128 2931 2201 portus,

1016 2216 1237 2278 molem
1263 2228 1442 2297 atque
1467 2236 1741 2297 aggerem
1774 2216 1853 2277 ab
1890 2226 2143 2299 utraque
2176 2224 2343 2298 parte
2382 2216 2601 2276 littoris
2631 2218 2928 2296 Jaciebat,

1016 2313 1181 2395 quod
1225 2314 1317 2375 bis
1347 2314 1494 2375 locis
1522 2321 1655 2375 erat
1677 2334 1841 2374 mare
1868 2312 2179 2375 vadosum.
2262 2314 2527 2394 Longius
2568 2334 2932 2395 progressus,
2958 2314 2965 2321 ’

1017 2430 1154 2473 cum
1187 2429 1366 2490 agger
1398 2410 1594 2471 altiori
1631 2428 1794 2491 aqua
1830 2411 2125 2472 contineri
2150 2428 2269 2470 non
2295 2417 2513 2491 posset,
2540 2420 2698 2471 rates
2720 2410 2929 2492 dupli·-

1017 2528 1138 2579 ces,
1173 2526 1618 2588 quoquoversus
1654 2506 1873 2588 pedum
1908 2524 2085 2567 xxx.
2120 2526 2157 2567 e
2191 2507 2427 2585 regione
2465 2504 2641 2567 molis
2662 2507 2931 2569 colloca-

1017 2605 1142 2665 bat.
1227 2601 1370 2664 Has
1393 2604 1695 2683 quaternis
1724 2602 1997 2665 anchoris
2022 2623 2102 2664 ex
2134 2612 2393 2685 quatuor
2418 2604 2653 2691 angulis
2669 2603 2932 2666 destina·

1018 2700 1148 2772 bat,
1176 2704 1252 2761 ne
1272 2700 1552 2763 fluctibus
1575 2710 1967 2765 moverentur.
2009 2699 2137 2762 His
2162 2700 2459 2783 perfectis,
2478 2701 2933 2783 collocatisque,-

1020 2796 1176 2858 alias
1215 2798 1499 2879 deinceps
1547 2797 1677 2878 pari
1728 2797 2135 2877 magnitudine
2189 2807 2348 2858 rates
2387 2799 2705 2878 jungebat.
2791 2799 2937 2861 Bas

1019 2902 1178 2954 terra
1203 2902 1384 2975 atque
1426 2914 1636 2973 aggere
1672 2895 2055 2973 contegebat,
2098 2914 2173 2955 ne
2215 2894 2413 2955 aditus
2446 2902 2627 2975 atque
2667 2896 2939 2957 incursus

1023 2989 1101 3051 ad
1137 2989 1571 3051 defendendum
1599 2989 2014 3072 impediretur:
2059 3011 2096 3050 a
2120 2991 2341 3063 fronte,
2368 3000 2549 3072 atque
2576 2992 2653 3052 ab
2680 3002 2933 3074 utroque

1021 3086 1210 3147 latere
1234 3089 1498 3149 cratibus
1524 3109 1596 3148 ac
1637 3088 1857 3170 pluteis
1882 3090 2251 3169 protegebat.
2337 3088 2413 3149 In
2440 3099 2655 3169 quarta
2691 3109 2933 3172 quaque

1022 3202 1223 3243 earum
1259 3192 1452 3245 turres
1487 3185 1759 3245 binorum
1802 3184 2201 3245 tabulatorum
2234 3186 2563 3255 excitabat,
2608 3206 2729 3266 quo
2768 3206 2933 3248 com—

1023 3279 1254 3341 modius
1281 3282 1359 3342 ab
1385 3282 1610 3363 impetu
1635 3280 1875 3343 navium
1902 3282 2303 3363 incendiisque
2325 3281 2686 3345 defenderet.

1105 3384 1206 3443 72.
1265 3378 1497 3440 Contra
1539 3380 1669 3440 baee
1710 3379 2040 3460 Pompeius
2084 3399 2268 3440 naves
2312 3400 2561 3460 magnas
2610 3382 2933 3453 onerarias,

1024 3495 1174 3554 quas
1201 3476 1258 3535 in
1283 3487 1458 3556 portu
1487 3476 1848 3537 Brundisino
1870 3476 2366 3555 deprehenderat,
2396 3476 2747 3537 adornabat.
2828 3475 2933 3538 Ibi

1025 3580 1213 3632 turres
1251 3593 1388 3633 cum
1427 3573 1606 3635 ternis
1647 3572 1931 3634 tabulatis
1972 3574 2261 3652 erigebat,
2310 3592 2529 3655 easque
2566 3574 2773 3636 multis
2806 3586 2933 3637 tor-

1025 3672 1242 3731 mentis
1265 3680 1326 3731 et
1352 3672 1511 3731 omni
1548 3691 1757 3751 genere
1794 3670 2041 3731 telorum
2081 3671 2429 3753 completas,
2466 3672 2545 3733 ad
2584 3692 2767 3753 opera
2792 3672 2935 3733 Οε-

1025 3767 1172 3825 saris
1197 3754 1562 3848 appellebat,
1592 3776 1659 3827 ut
1686 3776 1843 3829 rates
1866 3776 2286 3849 perrumperet,
2310 3779 2491 3848 atque
2508 3789 2693 3851 opera
2718 3767 2937 3830 distur-

1025 3862 1216 3923 baret.
1299 3862 1404 3925 Sic
1429 3863 1695 3946 quotidie
1734 3864 1962 3923 eminus
1996 3864 2290 3944 utrimque
2316 3864 2539 3936 fundis,
2566 3867 2817 3945 sagittis,
2844 3886 2935 3927 ω-

1025 3957 1322 4040 liquisque
1363 3961 1500 4023 telis
1537 3962 1929 4042 pugnabatur.
2015 3962 2172 4022 Cum
2214 3962 2295 4023 ad
2326 3962 2483 4024 hunc
2516 3964 2759 4024 modum
2802 3964 2939 4026 dies

1027 4059 1228 4118 exacti
1273 4078 1486 4119 novem
1527 4070 1743 4129 essent,
1788 4080 1969 4121 naves
2014 4080 2148 4140 quae
2184 4062 2452 4123 consules
2498 4070 2935 4144 transportave-

701 4178 819 4229 ῃςο,
1028 4166 1181 4227 rant,
1214 4155 1590 4217 Brundisium
1616 4156 1934 4217 redierunt.
2020 4157 2260 4219 Harum
2287 4157 2548 4219 adventu
2575 4159 2931 4241 Pompeius,

699 4243 914 4359 ἐξείη
1027 4257 1151 4317 sive
1190 4254 1446 4315 Caesaris
1486 4256 1761 4337 operibus
1800 4265 2121 4338 permotus,
2165 4277 2415 4338 quorum
2461 4256 2644 4319 ferme
2684 4258 2936 4321 dimidia

1029 4370 1168 4432 pars
1191 4349 1408 4412 effecta
1433 4360 1582 4424 erat,
1621 4353 1747 4414 sive
1774 4353 2067 4433 quiajam
2092 4354 2171 4415 ab
2197 4354 2368 4453 initio
2391 4354 2703 4416 consilinm
2732 4354 2937 4417 Italia:
