3300 5234
1692 506 1767 555 'l'-
1815 504 2015 558 mvn

1159 655 1263 712 12.
1305 646 1432 711 Sed
1464 648 1821 732 Pompeius,
1856 647 2131 709 celeriter
2172 654 2424 730 accepto
2458 647 2687 719 nuntio,
2724 646 2975 729 (quippe

1063 742 1402 819 Vibullius,
1446 755 1515 807 ut
1557 748 1616 806 ei
1658 746 1917 807 Coesaris
1960 744 2285 805 adventum
2322 746 2447 806 cito
2480 746 2801 816 nuntiaret,
2846 742 2979 805 dies

1061 854 1404 925 noctesque,
1415 845 1660 905 mutatis
1673 845 1857 905 etiam
1868 843 2179 923 jumentis,
2202 844 2317 903 iter
2332 842 2805 920 continuaverat)
2827 838 2982 903 nihil

1063 942 1144 1003 ad
1167 962 1460 1003 summam
1481 941 1853 1021 diligentiam
1892 939 2109 1021 reliqui
2149 940 2316 1013 fecit,
2343 961 2467 1021 quo
2490 948 2771 1001 conatum
2793 940 2983 1000 hostis

1061 1041 1436 1123 praeveniret.
1518 1040 1598 1100 In
1643 1061 1719 1100 eo
1778 1039 2013 1111 itinere,
2063 1059 2202 1100 cum
2254 1058 2449 1120 neque
2496 1038 2729 1109 diebus,
2782 1058 2979 1117 neque

1061 1139 1338 1199 noctibus
1363 1138 1865 1209 intermitteretur,
1888 1146 1950 1197 et
1985 1138 2093 1198 vix
2119 1137 2200 1197 ad
2224 1137 2425 1197 cibum
2450 1134 2809 1215 capiendum
2834 1136 2982 1195 satis

1061 1234 1302 1297 daretur
1325 1236 1528 1316 spatii,
1570 1234 1858 1316 Pompeii
1898 1235 2120 1295 milites
2158 1236 2221 1295 in
2256 1254 2393 1294 eum
2418 1243 2642 1294 metum
2668 1240 2981 1303 venerant,

1061 1340 1132 1395 ut
1155 1331 1362 1393 adesse
1385 1332 1616 1393 hostem
1643 1333 2205 1413 ubiqueputarent:
2248 1340 2313 1391 et
2350 1331 2412 1390 in
2459 1330 2649 1411 Epiro
2684 1327 2983 1389 finitimis-

1063 1448 1181 1510 que
1205 1429 1544 1508 regionibus
1566 1430 1739 1507 signa
1759 1448 1941 1509 prope
1967 1448 2169 1489 omnes
2192 1428 2615 1507 relinquerent,
2642 1426 2985 1507 complures

1064 1544 1232 1589 arma
1258 1526 1631 1608 projicerent.
1717 1525 1932 1586 Evasit
1958 1536 2158 1586 tamen
2186 1525 2264 1586 ad
2307 1523 2747 1606 Dyrrhachium
2788 1512 2986 1585 Pom-

1064 1623 1236 1703 peius
1269 1624 1450 1703 prior,
1497 1623 1797 1703 catrisque
1842 1644 2025 1705 prope
2068 1623 2355 1705 oppidum
2394 1623 2623 1702 positis,
2650 1622 2987 1681 exercitum

1063 1738 1147 1781 ex
1163 1720 1498 1783 vehementi
1521 1721 1995 1781 consternatione
2032 1721 2277 1802 recepit.
2363 1720 2465 1781 Ibi
2502 1720 2799 1780 Labienus
2822 1718 2987 1799 prin-

1063 1836 1206 1898 ceps
1239 1818 1444 1897 jurare
1479 1820 1681 1898 coepit,
1712 1826 1731 1853 ‘
1754 1839 1816 1878 se
1849 1838 1985 1878 eum
2026 1840 2143 1879 non
2188 1819 2576 1892 deserturum,
2620 1816 2988 1895 eosdemque

1063 1914 1394 1975 subiturum
1419 1934 1556 1975 cum
1577 1936 1650 1976 eo
1688 1917 1901 1977 casus!
1985 1916 2160 1977 Idem
2193 1916 2473 1999 deinceps
2498 1916 2739 1987 tribuni,
2776 1922 2989 1975 cenni-

1064 2009 1398 2093 tionesque,
1419 2021 1484 2073 et
1508 2022 1803 2094 postremo
1827 2014 2045 2075 milites
2069 2014 2357 2077 fecerunt.

1149 2114 1249 2169 13.
1294 2109 1510 2189 Igitur,
1540 2112 1881 2193 priusquam
1916 2112 2223 2173 Antonius
2262 2134 2401 2175 cum
2434 2111 2683 2195 reliquis
2704 2110 2901 2191 copiis
2924 2130 2991 2195 ⁸⁶.

1015 2290 1020 2295 β
1072 2204 1302 2268 Caesari
1324 2210 1734 2288 conjungeret,
1760 2210 1903 2271 huic
1931 2213 2133 2272 noceri
2162 2232 2332 2293 posse
2368 2232 2629 2293 sperans,
2652 2209 2734 2269 ad
2769 2206 2993 2268 flumen

1032 2360 1049 2379 ‚
1070 2300 1310 2385 Apsum
1347 2307 1653 2385 processit,
1681 2306 1845 2386 quod
1869 2306 2017 2367 fines
2044 2308 2594 2389 Dyrrhachinorum
2621 2304 2994 2387 Apollonia-

1070 2400 1336 2482 tiumque
1389 2400 1782 2465 disterminat.
1870 2404 2067 2465 Simili
2106 2426 2213 2485 spe
2260 2414 2469 2465 contra
2512 2413 2715 2465 movet
2758 2402 2994 2463 Caesar.

1073 2495 1198 2557 Sed
1239 2497 1344 2558 ubi
1382 2507 1628 2559 ventum
1670 2499 1751 2561 ad
1802 2499 2047 2573 flumen,
2088 2504 2457 2583 majoresque
2502 2500 2787 2581 Pompeii
2831 2499 2997 2561 vire·

1069 2595 1370 2674 cognovit,
1397 2596 1458 2656 in
1489 2595 1706 2659 finibus
1735 2597 2223 2680 Apolloniatium
2246 2602 2445 2681 posuit
2468 2608 2701 2668 castras
2746 2607 2817 2659 ut
2840 2599 2995 2659 inter

1069 2690 1224 2753 duos
1249 2694 1546 2755 exercitus
1568 2692 1791 2755 flumen
1816 2697 2147 2767 interesset,
2184 2705 2445 2757 ceterum
2478 2696 2681 2758 videre
2708 2696 2993 2772 invicem,

1070 2796 1136 2848 et
1165 2788 1432 2870 colloqui
1459 2800 1721 2872 possent.
1806 2792 1902 2853 Eo
1931 2793 2067 2854 loco
2093 2793 2301 2855 Caesar
2333 2803 2651 2874 expectare
2676 2792 2995 2856 Brundisi·

1070 2903 1180 2947 nas
1201 2886 1408 2968 copias
1444 2888 1673 2949 statuit.
1758 2886 1885 2951 Sed
1911 2889 2033 2950 illae
2072 2909 2210 2951 cum
2246 2910 2287 2951 a
2324 2888 2499 2954 Fufio
2535 2889 2777 2950 Kaleno
2800 2888 2995 2953 addu-

1069 2990 1363 3056 cerentur,
1391 2982 1580 3045 literae
1606 2984 1863 3047 Caesaris
1903 2987 1983 3047 ad
2015 2987 2321 3049 Kalenum
2362 2986 2565 3050 allatoe
2590 2996 2749 3059 sunt,
2772 2989 2999 3069 quibus

1070 3097 1274 3139 omnes
1314 3089 1520 3161 portus
1565 3082 1885 3164 littoraque
1932 3086 2122 3146 teneri
2170 3086 2465 3148 classibus
2516 3084 2993 3147 adversariorum

1070 3174 1469 3254 significabat.
1553 3177 1750 3258 Igitur
1788 3180 2083 3253 Kalenus‚
2122 3200 2259 3243 cum
2296 3182 2543 3263 paulum
2578 3200 2919 3263 progressus
2958 3200 2997 3243 a

1072 3281 1250 3353 portu
1273 3272 1500 3347 fuisset,
1529 3274 1921 3339 Brundisium
1946 3279 2205 3359 repetiit.
2292 3278 2441 3340 Una
2474 3278 2667 3350 navis,
2707 3296 2847 3359 qum
2886 3279 2995 3341 mi·-

949 3436 960 3449 .
1073 3368 1212 3430 lites
1236 3370 1437 3432 nullos
1457 3373 1735 3447 vehebat,
1762 3393 1900 3435 cum
1926 3375 2173 3456 imperio
2198 3382 2501 3437 contemto
2526 3374 2797 3457 profecta
2818 3384 2995 3449 emet,

760 4361 888 4412 Caes.

1075 3464 1156 3526 ad
1177 3464 1429 3528 Oricum
1455 3479 1803 3551 expugnata
1824 3480 1917 3532 est
1940 3490 1981 3531 a
2002 3471 2251 3544 Bibulo,
2270 3492 2593 3553 omnesque
2612 3472 2869 3554 puberes
2888 3475 2997 3555 qui

1075 3562 1138 3622 in
1161 3583 1238 3624 ea
1259 3574 1430 3625 erant
1449 3566 1748 3651 supplicio
1768 3568 1995 3629 affecti.
2080 3568 2335 3629 Caesaris
2358 3567 2643 3649 legiones,
2663 3590 2815 3652 quas
2838 3570 2996 3636 idem

1075 3659 1406 3740 periculum
1429 3665 1819 3745 expectabat,
1847 3665 2034 3727 literis
2057 3668 2191 3746 ejus
2212 3668 2565 3748 tempestive
2585 3668 2853 3750 perlatis,
2878 3669 2997 3731 for-

1077 3764 1226 3817 tuna
1247 3760 1524 3821 servavit.

1160 3860 1262 3915 14.
1305 3855 1434 3917 Per
1477 3856 1691 3918 eadem
1728 3866 1999 3941 tempora
2040 3858 2269 3933 Caesar,
2314 3862 2441 3922 sive
2486 3882 2695 3923 revera
2746 3856 3000 3943 cupidus

1079 3951 1270 4031 pacis,
1299 3953 1446 4027 sive,
1486 3955 1649 4036 quod
1696 3958 1885 4036 magis
1923 3967 2015 4019 est
2058 3958 2373 4032 credibile,
2414 3959 2702 4041 temporis
2742 3958 3000 4019 ducendi

1081 4050 1294 4127 gratia,
1318 4048 1510 4113 donec
1537 4054 1829 4116 auctiores
1854 4056 2160 4117 habuisset
2182 4056 2423 4139 copias,
2466 4056 2641 4119 simul
2668 4056 2999 4118 adversari·

1081 4164 1252 4209 orum
1286 4148 1630 4228 pertinaciae
1672 4172 1913 4231 gnarus,
1950 4161 2015 4214 et
2052 4173 2132 4215 ex
2180 4154 2295 4215 hac
2330 4153 2536 4215 odium
2580 4154 2699 4214 illis
2736 4154 3001 4215 omnium

1085 4263 1324 4324 parans,
1340 4247 1574 4308 nullam
1595 4252 1971 4313 occasionem
1990 4251 2405 4313 tentandarum
2423 4252 2827 4314 conditionum
2848 4272 2999 4334 prm-‚-

1085 4341 1358 4404 tei-misit.
1442 4343 1551 4406 Ad
1581 4346 1833 4409 Oricum
1858 4349 2045 4429 legati
2073 4348 2333 4411 Caesaris
2360 4350 2454 4413 M.
2472 4349 2735 4423 Acilius,
2766 4348 2840 4410 L.
2862 4346 3001 4411 Sta·
