3300 5234
872 527 1099 624 sisar
1128 575 1277 624 civ.
1322 573 1972 628 sosannim-run.
2358 557 2536 624 5025

294 737 436 778 ene.
522 717 751 780 Clades
775 717 1071 781 Ariovisti
1112 738 1249 780 cum
1280 718 1513 792 Suevis,
1552 719 1662 802 qui
1687 719 1766 781 ad
1795 719 2080 783 Rhenum
2103 740 2206 782 ve-

297 821 527 886 nerant,
550 823 833 876 terrorem
852 815 1111 888 fecisset,
1140 815 1321 876 Ubiis
1340 815 1596 886 animos3
1637 816 1882 877 domum
1909 825 2206 878 reverten-

296 918 381 970 tes
402 909 547 972 illos
588 912 741 972 Ubii
766 913 1038 984 insecuti,
1064 929 1339 992 mag-nam
1376 912 1814 974 multitudinem
1843 913 2206 974 ceciderunt.

300 1007 507 1068 Cesar
539 1009 775 1070 duobus
816 1010 1151 1088 ingentibus
1181 1009 1359 1070 bellis
1396 1010 1609 1070 eadem
1648 1017 1858 1070 aestate
1895 1008 2207 1080 confectis,

302 1103 611 1182 aliquanto
648 1107 935 1166 maturius
970 1105 1145 1166 solito
1184 1107 1513 1167 exercitum
1539 1107 1599 1166 in
1626 1107 1896 1187 hyberna
1933 1105 2208 1177 deduxit,

304 1199 685 1284 Lah‘enoque
712 1204 805 1262 his
828 1203 1168 1284 praeposito,
1191 1203 1251 1262 in
1276 1202 1649 1285 Cisalpinam
1672 1201 1942 1263 Galliam
1963 1202 2042 1262 ad
2065 1223 2208 1262 con-

304 1311 507 1364 ventis
532 1304 795 1383 agendos
820 1304 1119 1386 profectus
1141 1312 1253 1364 est.
1877 1327 1886 1334 ·

380 1407 476 1462 39.
518 1400 722 1463 Tanta
767 1401 1023 1462 Caesaris
1064 1400 1323 1462 felicitas
1370 1418 1507 1461 cum
1552 1399 2024 1462 adversariorum
2065 1400 2208 1463 odia

304 1507 641 1580 metunque
666 1500 859 1560 acrius
882 1498 1233 1570 stimularet,
1272 1495 1593 1559 reducendi
1634 1498 1942 1560 Ciceronis
1963 1497 2212 1558 consilio

302 1595 525 1674 magiis
565 1596 779 1656 studiis
810 1604 1111 1677 eoeperunt
1150 1595 1509 1657 incumbere.
1596 1593 1668 1654 L.
1697 1593 2004 1656 Domitius
2037 1594 2210 1655 Ahe-
2263 1598 2398 1650 Suet.
2409 1598 2540 1650 Con.

304 1694 599 1754 nobaibus
621 1691 911 1775 proseoeas
934 1713 1069 1757 cum
1098 1692 1338 1753 Caesare
1374 1691 1714 1752 inimicitias
1753 1691 2018 1771 gerebat.
2102 1691 2212 1752 Ab
2233 1668 2495 1779 ἓξὲξ...

300 1789 415 1850 hoc
438 1799 503 1849 et
540 1789 619 1850 C.
648 1789 939 1850 Memmio
964 1789 1315 1870 praetoribus
1354 1788 1607 1848 relatum
1644 1786 1724 1846 ad
1768 1795 1970 1868 patres
2009 1787 2086 1848 de
2111 1810 2212 1850 su-
2375 1781 2380 1787 ’

300 1886 539 1966 periof'n
564 1887 708 1947 anni
734 1887 887 1948 actis
910 1885 1127 1956 fuerat,
1154 1886 1494 1966 prinsquam
1520 1884 1581 1944 in
1610 1883 1981 1965 provinciam
2007 1883 2214 1946 Caesar

300 1985 451 2044 iret:
496 1993 715 2045 etcum
742 1983 869 2054 ille,
910 1983 1245 2062 cognitione
1286 1981 1515 2042 senatui
1556 1980 1784 2053 delata,
1811 2000 1922 2042 nec
1943 2002 1980 2042 a
2007 1991 2214 2044 senatu

300 2089 598 2161 suscepta,
624 2078 929 2162 profectus
952 2088 1129 2150 esset,
1155 2079 1355 2140 statim
1380 2085 1731 2158 quaestorem
1757 2079 1890 2158 ejus
1913 2079 1974 2138 in
1999 2098 2212 2140 consu-

303 2177 433 2238 latu
460 2177 693 2257 legbus
714 2177 775 2236 in
804 2176 1219 2258 praejudicium
1258 2174 1515 2236 Coesaris
1540 2174 2016 2254 interrog-andum
2041 2195 2214 2236 cura-

300 2283 536 2335 verunt.
613 2273 867 2334 Vatinio
910 2291 1149 2353 quoque
1198 2271 1367 2332 dicta
1405 2269 1555 2342 dies,
1597 2291 1722 2352 quo
1767 2271 1964 2350 legato
2011 2271 2217 2333 Caesar
2271 2293 2382 2346 Cic.
2403 2295 2457 2344 in

302 2371 609 2432 utebatur.
688 2369 815 2431 Sed
850 2379 915 2431 et
954 2371 1149 2450 ipsum
1188 2368 1489 2429 Caesarem
1516 2367 1589 2428 L.
1616 2367 1922 2430 Antistius
1945 2370 2218 2430 tribunus
2237 2359 2354 2410 Vnt.
2370 2375 2416 2410 ⁴²·
2437 2363 2522 2410 ¹⁴·

302 2467 498 2549 plebis
520 2467 861 2550 postulavit.
944 2466 1175 2538 Caesar,
1210 2464 1515 2547 appellato
1539 2465 1822 2545 collegio,
1852 2475 1870 2502 ⁸
1901 2466 2060 2545 quod
2101 2467 2214 2528 rei·
2236 2423 2520 2525 Suealcoes.

302 2563 565 2646 publicai
588 2583 770 2624 causa
808 2563 1061 2635 aberat,'
1084 2582 1159 2622 ne
1194 2581 1331 2622 reus
1372 2561 1544 2623 fieret
1568 2562 1848 2622 obtinuit.
1932 2560 2216 2622 Vatinius
2272 2587 2380 2638 cic.
2401 2588 2454 2638 in

302 2681 441 2722 cum
466 2660 677 2720 eadem
712 2659 1066 2741 exceptione
1100 2667 1299 2740 posset
1338 2659 1449 2731 uti,
1486 2659 1706 2719 maluit
1738 2659 1799 2718 in
1837 2658 1964 2738 ipso
1981 2657 2216 2737 judicio
2239 2655 2357 2704 Vnt.
2379 2669 2425 2705 ⁰·
2444 2657 2524 2704 14.

302 2775 475 2837 pene
514 2755 811 2816 detuiora
839 2756 1069 2816 scelera
1105 2751 1325 2826 facere,
1357 2775 1539 2834 quam
1578 2773 1831 2834 quorum
1867 2774 2052 2815 causa
2088 2765 2219 2816 erat

304 2861 641 2914 accusatus.
720 2851 893 2913 Nam
916 2852 1020 2912 ubi
1046 2846 1177 2912 dies
1200 2852 1385 2922 venit,
1422 2851 1772 2912 nominatim
1799 2850 2106 2933 appellato
2134 2851 2216 2913 P.

306 2947 535 3010 Clodio
562 2969 637 3008 ne
674 2967 911 3008 eausam
950 2948 1199 3020 diceret,
1242 2947 1469 3028 illoque
1495 2947 1842 3027 adjuvante,
1871 2948 1932 3007 in
1957 2947 2218 3009 tribunal

304 3047 395 3106 sui
440 3045 773 3126 quaesitoris
808 3044 1099 3114 ascendit,
1138 3063 1395 3125 eumque
1429 3044 1491 3106 vi
1519 3044 1882 3116 deturbavit,
1908 3044 2222 3126 dissipavit

300 3141 619 3213 subsellia,
644 3163 817 3204 umas
840 3141 1095 3222 disjecit.
1180 3140 1287 3202 Sic
1308 3143 1369 3202 in
1396 3140 1597 3222 fugam
1621 3144 1930 3222 conjectus
1953 3150 2046 3202 est
2069 3161 2219 3223 prae-

305 3249 425 3311 tor,
454 3248 831 3301 accusatores
852 3241 985 3320 ejus
1008 3241 1115 3300 vix
1140 3259 1175 3300 e
1202 3239 1476 3300 manibus
1501 3237 1962 3301 Vatinianorum
1985 3242 2196 3322 erepti.
2337 3229 2346 3236 ’

386 3344 497 3398 40.
542 3335 781 3396 Horum
806 3336 1149 3417 intemperie
1182 3335 1499 3406 stimulati,
1528 3335 1886 3416 quicumque
1912 3345 2018 3396 aut
2044 3336 2220 3399 Cice·

306 3434 493 3504 ronis,
516 3442 623 3494 aut
646 3433 879 3494 omnino
902 3433 1117 3512 quietis
1154 3440 1335 3513 atque
1378 3433 1573 3512 legum
1600 3432 1806 3514 cupidi
1833 3443 2024 3505 erant,
2052 3433 2224 3496 illum
2429 3503 2434 3511 ¹

306 3530 421 3591 sibi
459 3531 661 3590 virum
696 3530 851 3591 omni
888 3539 1107 3591 conatu
1154 3528 1579 3590 restituendum
1624 3529 1684 3589 in
1729 3531 1983 3610 priorem
2025 3530 2220 3591 locum
2279 3519 2386 3572 0³⁶·
2408 3537 2496 3586 ΡΝ

308 3645 437 3687 esse
489 3633 841 3687 statuerunt.
926 3625 1049 3686 Sed
1094 3625 1301 3686 deerat
1350 3627 1457 3706 qui
1507 3625 1756 3686 referret
1799 3625 1879 3686 ad
1928 3637 2220 3700 senatum,
2246 3585 2375 3700 ἓξὲξ
2392 3593 2526 3703 ἷὴἔι

308 3725 591 3802 quamvis
632 3724 782 3784 adeo
818 3743 1087 3805 pronum,
1132 3732 1201 3783 nt
1238 3721 1421 3783 nullis
1470 3721 1547 3783 de
1588 3722 1764 3784 rebus
1811 3733 1950 3784 ante
1995 3727 2222 3789 consuli
2246 3731 2290 3763 ⁰·
2314 3721 2394 3768 ¹³·
2444 3782 2456 3793 .

308 3819 520 3882 vellet.
605 3819 731 3882 Sed
756 3819 1023 3881 consules
1044 3839 1185 3881 cum
1210 3829 1403 3882 essent
1425 3821 1576 3881 inter
1598 3821 1870 3882 inimicos
1898 3820 2223 3894 Ciceronis,
2241 3779 2378 3897 ¹2¹3?ss
2387 3779 2550 3894 53¹3„

308 3928 327 3954 ⁸
352 3938 577 3999 cupere
601 3939 663 3978 se
684 3919 702 3946 '
726 3917 1031 3989 dicebant,
1057 3928 1074 3954 ⁸
1103 3917 1208 3979 sed
1236 3917 1367 3998 lege
1394 3917 1715 4000 impediri.'
1757 3916 1928 3979 Nam
1955 3918 2017 3977 id
2041 3929 2227 4000 caput
2247 3925 2294 3958 ⁰·
2317 3913 2469 3959 ¹⁸·'0‘
2499 3975 2512 3988 ,

308 4015 461 4095 legis
490 4015 747 4076 Clodius
778 4016 835 4076 in
863 4015 1045 4076 curin
1070 4025 1239 4096 poste
1266 4013 1505 4088 fixerat,
1544 4025 1561 4051 ⁸
1582 3997 1664 4074 ne
1691 4015 1828 4094 quis
1853 4013 1930 4075 ad
1955 4026 2224 4076 senatum
2247 3974 2554 4090 ἕοοξῖἱῗὲὲῖ

308 4113 586 4182 referret,
613 4131 687 4171 ne
712 4112 847 4192 quis
870 4112 1235 4182 decerneret,
1264 4129 1337 4170 ne
1372 4111 1726 4192 disputaret,
1755 4131 1830 4170 ne
1867 4111 2224 4192 loqueretur,
2248 4119 2336 4167 pro
2355 4103 2535 4162 Domo,

308 4229 385 4268 ne
410 4208 671 4289 pedibus
694 4209 825 4279 iret,
852 4227 927 4268 ne
954 4208 1265 4268 scribendo
1289 4207 1560 4268 adesset?
1644 4205 1883 4267 Idcirco
1926 4207 2228 4272 Domitius
2249 4173 2476 4282 ⁰⁰c²igszd

310 4315 535 4387 pmtor
558 4313 579 4340 ‘
608 4309 671 4364 'se
688 4304 705 4332 ’
730 4303 887 4364 dixit
912 4313 931 4340 ⁶
960 4303 1305 4376 relaturum,
1332 4305 1381 4363 si
1404 4303 1678 4364 consules
1703 4302 1970 4364 nollent.'
2249 4297 2358 4346 Att-
2373 4313 2458 4347 ¹¹¹·
2477 4303 2556 4349 ¹⁵·

394 4409 499 4464 ‘¹¹‘
558 4399 741 4462 ΝΜ
784 4409 981 4462 ‘mm
1030 4397 1234 4484 Ρεῐίὶοἰ
1285 4421 1359 4462 ²⁰
1408 4421 1565 4462 ’ΜΟ
1614 4401 1830 4482 potuit,
1883 4419 2224 4482 quanqum
2249 4371 2300 4474 ἓξ
2317 4365 2554 4480 ἔὲἑῖἒῗῖἱ
