3300 5234
898 537 1107 588 unm
1156 537 1319 588 cru.
1360 527 2012 589 supensusn‘ruu.
2381 521 2560 590 4975

342 676 425 744 Q.
460 673 751 740 Metellus
783 678 1077 752 Creticus,
1120 679 1193 740 L.
1222 679 1499 754 Flaccus,
1528 689 1592 742 et
1628 677 1918 742 Lentulus
1947 675 2234 740 Clodiani
2255 689 2372 742 Dio.

338 773 515 836 filius.
600 776 841 838 Pscatu
870 786 1069 838 tumen
1087 741 1405 858 ‘provincis
1440 777 1678 852 mansit,
1701 797 1838 838 cum
1872 777 2122 838 victoria
2153 775 2230 837 C.
2257 755 2558 872 Ρξξξζὲἕω·

338 869 613 933 Pontinii
647 873 887 936 facilem
921 874 1001 935 ad
1034 873 1315 955 reliquias
1348 873 1649 958 pacandas
1679 875 1840 936 vium
1873 875 2230 956 paravisset:
2255 901 2301 934 c.
2327 890 2410 936 13.

338 977 519 1050 utque
555 969 683 1040 ille,
706 979 1015 1031 contentus
1044 969 1341 1032 domuisse
1374 972 1478 1053 qui
1510 970 1966 1043 rebellaverant,
1991 989 2108 1032 non
2142 970 2231 1031 la-

336 1066 577 1128 censivit
613 1069 865 1149 quietos.

412 1167 518 1224 ⁵9.
560 1163 757 1243 Igitur
796 1185 935 1226 cum
978 1175 1241 1227 motuum
1279 1161 1649 1226 Gallicorum
1685 1185 1874 1227 vanus
1909 1184 2106 1226 rumor
2135 1162 2230 1223 fu·
2289 1171 2396 1222 cie.
2415 1171 2480 1222 nd

332 1257 493 1330 ioeet,
536 1269 601 1322 et
636 1263 822 1322 otium
862 1283 897 1322 e
939 1261 1153 1324 Gallia
1190 1263 1581 1334 nuntiaretur,
1624 1263 1704 1324 ad
1741 1261 1948 1324 civiles
1987 1271 2231 1324 conten·
2261 1237 2362 1290 Aa·
2383 1253 2426 1288 ¹·
2448 1240 2534 1290 ²⁰·

334 1355 525 1416 tiones
546 1357 740 1418 aci-ius
760 1357 1037 1431 reditum,
1064 1368 1187 1420 tam
1208 1359 1544 1422 vehementi
1568 1359 2028 1432 concertatione,
2053 1343 2121 1419 ut
2146 1357 2232 1424 Q.

336 1450 627 1514 Metellus
668 1455 871 1516 consul
916 1456 1217 1538 lapidibus
1254 1458 1553 1540 appetitus
1566 1463 1589 1490 ⁰
1628 1465 2030 1538 percuteretur
2067 1476 2104 1516 a
2143 1476 2234 1516 se·
2257 1459 2336 1536 1d3
2347 1458 2418 1509 ib.
2433 1462 2558 1510 ml·

332 1546 599 1620 diticsisz
648 1550 861 1614 deinde
902 1573 941 1613 a
980 1555 1215 1615 tribuno
1256 1555 1317 1614 in
1358 1573 1658 1616 carcerem
1697 1553 2026 1614 duceretur.
2111 1551 2235 1614 Sed
2259 1524 2376 1574 ”¹⁰⁹

332 1663 525 1725 neque
568 1648 775 1708 consul
819 1670 893 1710 eo
933 1657 1154 1711 terrore
1198 1649 1357 1711 flecti
1398 1650 1629 1732 potuit:
1685 1668 1878 1730 neque
1923 1650 2076 1710 tanti
2122 1650 2234 1710 viri

332 1759 571 1802 causam
603 1743 863 1805 deseruit
890 1754 1151 1819 senatus,
1177 1747 1321 1826 quin
1358 1745 1518 1828 apud
1544 1745 1715 1806 illum
1741 1747 1804 1805 in
1829 1766 2065 1808 carcere
2092 1765 2234 1807 con·
2287 1751 2294 1760 “

333 1839 534 1899 venire
572 1833 837 1922 cuperet.

410 1941 515 1995 60.
558 1935 662 1996 Ibi
688 1937 955 2011 Flavius,
976 1937 1128 1999 sella
1152 1939 1463 2001 tribunitia
1486 1941 1565 2002 ad
1588 1941 1744 2001 fores
1759 1938 2076 2010 collocata,
2093 1940 2234 2018 jure

332 2032 693 2094 inviolabilis
728 2037 1043 2117 potestatis
1078 2035 1289 2096 clausit
1325 2036 1573 2109 aditum,
1610 2057 1716 2118 per
1752 2052 1983 2096 murum
2017 2035 2236 2096 intrare

324 2129 549 2208 jubens
582 2139 876 2202 senatum,
900 2132 951 2190 si
985 2131 1203 2204 vellet3
1228 2139 1371 2192 'tam
1408 2133 1792 2215 pertinaciter
1822 2131 2136 2192 obluctans
2168 2139 2238 2192 ut

332 2225 545 2286 eodem
589 2227 725 2288 loco
770 2237 1215 2308 pernoctaturus
1256 2228 1569 2290 videretur.
1665 2228 1822 2289 Tum
1858 2248 1998 2290 vero
2043 2227 2233 2288 Pom-

330 2323 499 2402 peius
537 2323 762 2405 pudore
794 2324 1035 2398 ductus,
1060 2334 1127 2387 et
1149 2328 1290 2407 quia
1314 2347 1405 2387 res
1427 2346 1714 2408 perquam
1737 2325 2032 2387 invidiosa
2055 2325 2236 2386 etiam

326 2419 405 2479 ad
442 2422 729 2502 populum
764 2431 919 2495 erat,
946 2421 1258 2484 discedere
1302 2423 1581 2486 Flavium
1612 2424 1815 2504 jussit,
1853 2421 1914 2482 id
1953 2443 1992 2483 a
2023 2443 2086 2484 se
2129 2443 2234 2505 pe-

332 2517 491 2578 fiisse
532 2517 847 2579 Metellum
884 2521 1185 2583 mentitus.
1270 2520 1395 2582 Sed
1428 2531 1629 2582 notam
1665 2520 1848 2582 animi
1875 2520 2236 2600 magnitudi-

330 2637 465 2678 nem
496 2616 787 2678 Metellus
824 2619 1125 2692 effecerat,
1152 2607 1289 2681 cnm
1314 2641 1449 2681 eum
1477 2620 1694 2702 reliqui
1719 2618 1942 2680 tribuni
1975 2617 2234 2678 eximere

328 2713 555 2776 vellent
588 2735 623 2776 e
646 2736 907 2788 carcere,
936 2716 999 2777 id
1022 2715 1376 2778 beneficium
1402 2716 1747 2778 recusando.
1831 2716 2060 2776 Postea
2081 2735 2230 2794 quo-

326 2832 443 2892 que
478 2831 617 2874 cum
645 2813 887 2874 Flavius
905 2812 1309 2876 denuntiasset
1330 2835 1449 2878 non
1483 2831 1790 2896 passurum
1814 2812 1964 2872 utin
1990 2810 2230 2893 provin·

327 2910 483 2986 cium
516 2909 650 2981 iret,
686 2911 801 2970 nisi
832 2908 955 2990 legi
990 2914 1393 2984 consensisset,
1431 2930 1774 2994 quanqum
1809 2907 2080 2990 cupidior
2117 2909 2226 2970 tri·

330 3007 535 3088 nmphi
572 3007 911 3080 haberetur,
944 3028 1183 3070 manere
1224 3011 1421 3092 potius
1452 3011 1515 3070 in
1557 3008 1733 3068 Urbe
1767 3025 1946 3088 quum
1979 3005 2058 3066 de
2093 3024 2226 3066 sen-
2265 3011 2391 3068 ‚cim
2415 3015 2480 3068 sd

326 3105 519 3164 tentis
563 3102 851 3166 dimoveri
900 3107 1196 3167 sustinuit.
1297 3107 1627 3187 Pompeius
1677 3106 1856 3184 igitur
1899 3101 2228 3185 principum
2251 3077 2422 3196 §2⁶¹⁸
2441 3085 2526 3134 ¹⁰·

326 3199 551 3260 invidia
584 3202 909 3281 potentiam
942 3221 1111 3262 mam
1148 3203 1339 3282 urgeri
1363 3201 1593 3273 videns,
1619 3199 1914 3261 interdum
1939 3197 2228 3280 poeniten-

328 3295 414 3356 tia
430 3295 775 3369 ducebatur,
797 3297 959 3379 qnod
979 3299 1304 3360 exercitum
1323 3298 1667 3359 dimisisset:
1709 3305 2002 3378 postremo
2020 3313 2228 3374 quarn·-
2251 3307 2558 3374 mut-Pomp.

328 3390 479 3453 libet
514 3394 805 3455 rationem
842 3394 1109 3456 inimicos
1148 3394 1497 3478 reprimendi
1544 3395 1849 3455 honestam
1890 3391 2246 3474 arbitratus,-

328 3488 505 3570 plane
548 3489 803 3551 descivit
841 3492 921 3551 ab
960 3493 1363 3574 optimatibus,
1400 3490 1585 3554 stulto
1623 3489 1894 3560 consilio,
1929 3495 1997 3548 ut
2033 3485 2228 3566 digni-

329 3595 511 3647 tatem
548 3597 829 3660 tueretur,
868 3589 1103 3650 stolidis
1138 3575 1605 3671 turbulentisque
1642 3585 2098 3649 adolescentulis
2137 3585 2226 3644 iu-

329 3682 505 3762 digne
539 3705 603 3744 se
642 3687 1042 3747 summittens:
1086 3707 1221 3768 quae
1262 3689 1567 3769 potissima
1602 3688 1716 3768 ipsi
1751 3703 1932 3764 seque
1971 3691 2036 3742 et
2074 3700 2226 3740 rem-

328 3781 633 3861 publicam
666 3781 951 3863 perdendi
986 3803 1168 3844 causa
1200 3785 1420 3846 extitit.

394 4005 419 4033 ‘
454 3999 523 4048 Ul
547 3999 613 4056 Q·
644 3999 1047 4051 Metellum
1065 4003 1241 4066 lapidi·
1308 4005 1501 4060 Domo.
1544 4015 1594 4052 e.
1631 4007 1684 4052 5.
1763 3995 2104 4062 Allesssbstnr
2139 3993 2226 4044 bic
2357 3991 2366 3997 '

328 4065 415 4114 bu
464 4063 725 4127 appetitus]
776 4064 881 4114 Hic
934 4067 1245 4130 requirimus
1312 4067 1580 4120 Ciceronis
1605 4069 1747 4117 locus
1768 4065 1822 4114 in
1845 4062 2074 4125 margins
2093 4077 2110 4112 a
2129 4075 2224 4110 nos

326 4129 667 4180 Freinshemii
700 4129 1047 4194 diligentiam,
1066 4134 1153 4197 qui
1187 4134 1241 4183 in
1312 4135 1627 4194 sustulimus,
1669 4136 1726 4182 et
1768 4130 2032 4194 exignum,
2084 4124 2225 4190 quod

328 4193 605 4244 Metellnm
625 4193 863 4248 Celerem
895 4193 948 4243 id
974 4196 1244 4259 transfert,
1314 4199 1432 4249 huie
1455 4199 1617 4262 capiti
1637 4195 2032 4260 praefigebatur,
2056 4189 2226 4239 brevi·

326 4259 467 4322 (111οᾶ
492 4259 607 4322 ejus
626 4256 779 4308 fratri
798 4257 1021 4310 Metello
1044 4263 1245 4326 Nepoti
1315 4265 1479 4314 arium
1502 4261 1902 4318 immutavimus,
1925 4271 2044 4306 cnm
2059 4255 2224 4318 serip-

325 4331 517 4388 qnarto
542 4331 661 4386 post
682 4325 818 4373 bunc
834 4338 967 4375 suno
990 4327 1245 4378 accidisse
1316 4339 1425 4379 tum
1444 4336 1582 4380 esset
1596 4325 1760 4378 consul
1775 4321 2014 4390 lapidibus
2025 4321 2226 4386 petitur.

326 4389 517 4440 cicero
536 4390 843 4440 memoravit
877 4391 927 4440 in
964 4391 1117 4443 Orat.
1149 4407 1245 4459 pro
1315 4395 1469 4446 Crev.

2690 595 2729 608 x
