3300 5234
844 560 1051 637 mum
1103 560 1265 610 cxi.
1310 560 1656 613 sornam
1671 558 1964 613 aurun.
2330 548 2507 613 5209

270 715 527 787 pectam
572 704 931 777 Antonium,
992 724 1067 765 ne
1110 712 1429 786 expectare
1472 712 1754 767 eventum
1799 695 2019 774 vellet:
2069 706 2182 765 sub
2239 696 2440 767 Lucan(

271 804 527 865 alteram
568 803 837 883 vigiliam
874 804 1179 883 ignoratus
1212 802 1469 861 excessit
1496 803 1722 873 castris,
1749 821 2182 882 conscensoque
2207 797 2255 830 '·
2275 786 2392 833 ‘⁰⁷‘

270 899 550 962 vehiculo
595 900 856 980 perrexit
902 896 981 959 ad
1026 897 1221 958 locum
1262 897 1362 957 ubi
1409 897 1746 957 naviculam
1787 905 1849 957 et
1893 898 2181 980 optimum
2202 909 2420 976 Appinn.

270 998 725 1075 gubernatorem
752 996 1009 1079 opperiri
1034 1015 1141 1076 per
1166 1014 1364 1055 servos
1387 995 1716 1076 proemissos
1729 996 2016 1073 jusserat,
2045 1004 2178 1055 tan-

268 1114 455 1173 quam
480 1094 753 1155 nuntium
774 1092 1031 1153 caesaris
1055 1090 1322 1170 transjici
1348 1100 1664 1171 oporteret.
1751 1088 1909 1149 Cum
1935 1090 2028 1151 bis
2059 1111 2178 1151 ser·

270 1191 361 1250 vis
388 1191 537 1267 (tres
559 1190 799 1251 omnino
834 1193 1033 1266 erant)
1068 1186 1193 1268 ipse
1230 1206 1469 1267 quoque
1504 1186 1708 1247 servili
1743 1186 1948 1247 babitu
1993 1186 2178 1247 fortu-
2199 1199 2331 1249 Plut.
2349 1199 2472 1251 Cas.

270 1306 413 1349 nam
432 1287 829 1359 disimulans,
860 1305 1071 1347 navem
1096 1284 1449 1347 scalmorum
1473 1283 1788 1345 duodecim
1813 1284 2176 1357 conscendit,

268 1385 415 1446 licet
438 1386 711 1445 horrente
737 1383 1185 1464 tempestatibus
1218 1381 1389 1453 mari,
1417 1389 1482 1442 et
1503 1381 1696 1442 ventis
1719 1382 2176 1462 pertinacissime
2261 1413 2268 1425 =

268 1481 571 1543 flantibus.
655 1481 885 1559 Magno
928 1480 1153 1550 labore,
1189 1478 1333 1539 licet
1372 1498 1553 1559 prono
1598 1478 1794 1549 alveo,
1831 1487 2176 1560 perventum

270 1579 351 1639 ad
390 1580 605 1638 ostium
640 1576 829 1638 amnis
865 1585 1016 1648 erat,
1052 1596 1187 1637 cum
1224 1575 1417 1637 ventis
1440 1585 1504 1636 et
1528 1586 1676 1636 aestu
1714 1574 1962 1637 adverso
1987 1596 2174 1637 remo-

268 1696 399 1735 rum
438 1677 669 1751 irritum
715 1674 975 1735 laborem
1012 1672 1139 1734 fore
1178 1674 1471 1755 apparuit.
1558 1672 1660 1733 Ibi
1699 1672 2036 1755 desperanti
2069 1695 2174 1754 gu·
2231 1696 2364 1747 pm,

267 1772 567 1833 bernatori
592 1772 684 1831 vir
710 1771 915 1850 ingens
936 1770 1143 1841 animi,
1186 1780 1249 1831 et
1275 1769 1528 1831 fortunat
1552 1790 1680 1830 sure
1701 1780 1919 1831 cuncta
1941 1790 2178 1833 cessura
2199 1761 2414 1876 mla

270 1878 509 1949 putans,
558 1878 575 1904 ‘
602 1868 771 1937 Quid
816 1867 1058 1927 times‘R’
1110 1868 1342 1948 inquit:
1389 1876 1407 1905 ⁴
1434 1866 1734 1929 Caesarem
1779 1869 1987 1929 vehis?
2066 1869 2172 1930 Ad
2198 1864 2463 1942 Cve-[Dio.

268 1964 425 2027 hanc
448 1985 657 2026 vocem
682 1965 947 2025 attonitis
970 1962 1263 2035 omnibus,
1291 1973 1354 2025 et
1376 1984 1604 2025 summo
1618 1974 1838 2025 conatu
1865 1964 2173 2026 intenden-
2196 1956 2410 2071 ssffim·

266 2062 429 2123 tibus
470 2082 704 2136 nervos,
740 2062 951 2122 ostium
984 2070 1321 2141 superatum
1347 2070 1475 2121 est:
1503 2062 1920 2141 nequicquam.
2001 2060 2171 2125 Ven-
2311 2058 2325 2071 ”

266 2166 363 2217 tus
386 2159 547 2219 enim
571 2157 821 2219 subinde
848 2157 928 2218 ad
964 2155 1133 2217 littus
1156 2158 1465 2237 rejiciebat
1488 2157 1773 2230 lembum,
1807 2156 2000 2219 donec
2023 2159 2170 2219 vici-

268 2272 347 2315 ua
374 2257 513 2335 jam
550 2255 709 2326 luce,
746 2254 979 2315 timenti
1014 2254 1391 2333 gubernatori
1428 2274 1503 2315 ne
1540 2256 1619 2315 ab
1646 2255 1912 2329 hostibus
1935 2258 2170 2337 conspi-

267 2360 557 2423 cerentur,
586 2349 789 2412 Caesar
816 2351 1199 2411 invitissimus
1224 2350 1725 2432 redirepermisit.

346 2455 451 2510 25.
494 2448 663 2515 Quia
693 2456 893 2507 tamen
933 2448 1176 2507 omnino
1208 2446 1547 2509 faciendum
1588 2447 1840 2529 putabat
1865 2456 1952 2519 ut,
1979 2447 2170 2509 donec
2193 2474 2322 2525 em,

265 2546 734 2607 vehementiores
770 2544 931 2605 venti
970 2551 1187 2615 essent,
1226 2546 1535 2605 transitum
1578 2552 1875 2605 tentarent
1904 2545 2016 2618 sui,
2055 2546 2170 2607 hoc

266 2644 525 2703 maxime
560 2643 791 2704 auxilio
828 2643 1183 2723 perrupturi,
1208 2663 1361 2723 quos
1400 2644 1459 2703 in
1500 2642 1828 2723 tranquillo
1867 2643 2014 2703 mari
2038 2664 2168 2704 cer-

264 2749 391 2800 mm
431 2742 513 2801 ab
548 2740 1011 2801 instructissimis
1050 2739 1306 2800 hostium
1342 2739 1635 2801 classibus
1671 2740 1920 2801 exitium
1967 2760 2166 2801 mane-

267 2837 411 2907 bat;
456 2836 839 2899 Postumium
870 2838 940 2895 in·
970 2834 1215 2896 Italiam
1246 2837 1427 2907 misit,
1464 2856 1601 2897 cum
1626 2836 1891 2917 epistolis
1914 2837 2168 2898 severio-
2193 2862 2406 2929 Appia„-

266 2934 449 2995 ribus.
531 2933 753 2994 Plures
788 2934 947 2993 enim
984 2932 1258 3005 dederat,
1286 2942 1373 3004 ut,
1401 2934 1451 2993 si
1489 2933 1812 3003 Gabinius,
1839 2943 1944 2994 aut
1969 2934 2166 2995 Anto-
2194 2960 2322 3009 Caes.

266 3030 416 3102 nius,
442 3040 549 3091 aut
588 3030 859 3091 Kalenus
890 3038 1293 3100 contai-entur,
1328 3030 1545 3110 quibus
1580 3039 1752 3091 erant
1786 3032 2008 3112 priores
2048 3040 2164 3093 tra-
2191 3026 2405 3091 Appium.

264 3126 479 3187 dendae
504 3128 712 3199 literae,
741 3126 1091 3189 Postumius
1116 3126 1363 3188 haberet
1396 3147 1545 3207 quas
1574 3128 1856 3189 exhibere
1883 3128 2168 3191 militibus

267 3236 479 3305 posset,
512 3226 729 3305 quibus
761 3244 899 3285 eum
924 3224 1089 3304 sequi
1117 3233 1415 3304 quotquot
1438 3224 1764 3285 voluissent
1775 3215 2164 3304 jubebantur.

270 3320 617 3404 Imperabat
658 3332 881 3391 autem,
922 3330 940 3357 ⁶
962 3320 1203 3401 quando
1242 3330 1449 3402 portus
1488 3323 1565 3381 ab
1608 3322 1965 3384 adversariis
2001 3334 2164 3385 tene·

264 3420 495 3490 bantur,
516 3418 675 3479 utad
692 3417 1173 3499 Apolloniatium
1194 3417 1397 3478 littora
1412 3419 1698 3497 ejicerent
1713 3438 1931 3487 naves;
1961 3440 2162 3481 earum
2191 3438 2323 3489 cm,

258 3518 491 3596 jacwra
522 3536 587 3575 se
624 3514 775 3575 nihil
812 3514 1195 3585 commoveri,
1223 3514 1401 3574 modo
1428 3516 1589 3576 viros
1614 3514 1856 3587 habeat,
1884 3536 1988 3597 per
2014 3538 2164 3597 quos
2187 3504 2404 3619 ssffiinn.
2446 3586 2454 3595 .

264 3612 507 3694 adipisci
542 3612 727 3692 possit
756 3611 999 3671 omnia-⁹
1083 3608 1365 3670 Ceterum
1412 3610 1709 3671 Gabinius
1745 3632 1784 3671 a
1823 3613 2162 3693 navigando
2185 3606 2375 3685 Anien.

266 3710 600 3779 abhorrens,
623 3707 807 3787 longo
840 3706 1157 3767 circumitu
1198 3727 1304 3788 per
1340 3706 1657 3789 Illyricum
1692 3708 1917 3788 copias,
1945 3711 2163 3789 quibus
2187 3700 2403 3764 Appian.

264 3813 531 3887 preerat,
580 3804 833 3865 instituit
872 3801 1107 3863 ducere.
1192 3803 1497 3865 Antonius
1540 3813 1607 3865 et
1646 3804 1918 3865 Kalenus
1961 3807 2162 3887 potius
2185 3826 2308 3875 ces.

262 3922 393 3963 eum
418 3900 681 3983 periculo
710 3899 1057 3961 tentandum
1092 3900 1331 3961 brevius
1367 3901 1480 3961 iter
1509 3900 1952 3973 existimabant,
1980 3896 2158 3984 'quem
2183 3892 2352 4006 {¹32⁸

266 4000 339 4061 ad
360 4001 671 4081 imperium
698 4007 761 4060 et
784 3998 1197 4059 necessitatem
1219 3996 1475 4059 Caesaris
1498 3998 1683 4059 serius
1706 4018 2031 4061 occurrere.
2077 4001 2162 4062 Et
2355 3992 2372 4011 ’

263 4106 387 4157 erat
402 4116 635 4157 summa
652 4095 907 4157 militum
934 4094 1231 4167 alacritas,
1248 4104 1313 4155 et
1330 4095 1409 4155 ad
1427 4096 1726 4158 Caesarem
1748 4097 2158 4178 proficiscendi
2181 4146 2290 4195 cm

266 4192 473 4262 ardon-3
518 4193 719 4252 eoru'm
745 4193 927 4253 etiam
966 4192 1070 4272 qui
1106 4190 1287 4272 paulo
1324 4201 1465 4254 ante
1494 4212 1557 4253 se
1598 4192 1904 4254 laboribus
1938 4193 2160 4255 fractos
2183 4180 2315 4263 Plus.
2350 4209 2482 4263 Co..

264 4290 441 4368 objici
482 4290 781 4369 periculis,
806 4298 1033 4369 quauta
1072 4288 1388 4350 firmissimi
1423 4292 1527 4351 vix
1570 4292 1854 4351 sustinere
1897 4300 2155 4372 possent,

387 4404 561 4471 nem.
578 4409 629 4455 et
654 4404 769 4457 Vur.
792 4404 923 4455 Clas.
1102 4425 1110 4434 ·
1260 4403 1446 4455 Livius.
2229 4411 2288 4458 15
2323 4408 2350 4458 1
