3300 5234
704 554 879 621 5286

1657 571 1729 619 T.
1777 568 1966 618 mvn

1030 710 1162 793 pias
1183 710 1463 791 colligere
1488 711 1764 783 instituit,
1814 710 1962 771 Sex.
1999 710 2249 781 Coesari,
2289 708 2392 789 qui
2438 710 2723 769 rationem
2767 715 2937 768 acto-

1030 828 1159 868 rum
1186 809 1554 890 reposcebat,
1580 808 1989 869 Mithridatem
2019 808 2457 887 Pergamenum
2481 826 2794 877 excusans,
2832 808 2936 866 cui

1032 904 1111 965 ad
1144 905 1488 966 mandatum
1527 927 1566 965 a
1602 904 1842 964 Caesare
1878 904 2104 964 bellum
2140 902 2358 963 milites
2390 904 2894 983 conquirerentur.

1114 1009 1175 1063 3.
1218 1002 1342 1063 Sed
1379 1002 1481 1062 ubi
1508 1002 1665 1063 vires
1698 1000 2069 1083 placuerunt,
2103 998 2362 1081 vulgatis
2386 1000 2654 1081 epistolis
2691 1000 2936 1081 quibus-

1032 1098 1195 1171 dam,
1223 1120 1373 1182 quas
1399 1099 1599 1159 aiebat
1620 1119 1700 1158 ex
1728 1096 1948 1159 Africa
1985 1098 2207 1157 misisse
2241 1096 2600 1178 Scipionem,
2637 1096 2938 1173 (interitus

978 1222 987 1237 ·
1034 1205 1234 1257 autem
1260 1195 1537 1266 Caesaris,
1556 1204 1620 1255 et
1635 1196 2010 1256 commissum
2034 1195 2148 1275 ipsi
2175 1214 2212 1253 a
2237 1192 2514 1274 Scipione
2541 1193 2734 1273 Syriae
2752 1192 2937 1273 impe-

712 1982 746 2031 J
748 1980 913 2044 oseph.

734 2044 888 2094 strab.
903 2058 1015 2093 ενι.

752 2142 767 2156 0
787 2114 905 2160 ⁷⁵²·

776 2174 843 2224 io.

714 2669 851 2721 Plut.
873 2670 1003 2721 Caes.

746 2767 879 2816 Plin.

720 2848 812 2881 xv,
837 2836 919 2883 19.

716 2959 835 3016 Dio,
860 2974 1019 3008 xun-

750 3240 898 3291 Auct.
923 3240 986 3290 de

721 3305 787 3357 B.
816 3306 921 3355 Ast.

717 3634 851 3684 Plut-

1034 1296 1183 1355 rium
1208 1293 1674 1372 continebatur,)
1699 1293 1912 1355 ducem
1949 1293 2204 1373 partium
2240 1290 2556 1373 professus,
2581 1289 2810 1371 Tyrum
2833 1312 2938 1351 oc-

1032 1400 1235 1473 cupat.
1322 1389 1477 1452 Inde
1528 1390 1606 1450 ad
1646 1399 1843 1451 castra
1899 1388 2042 1449 Sex.
2095 1388 2350 1450 Caesaris
2395 1386 2694 1468 proficisci
2739 1408 2936 1460 ausus,

1034 1488 1243 1571 praelio
1267 1490 1545 1559 vincitur,
1577 1497 1641 1549 et
1675 1488 1893 1547 vulnus
1922 1487 2160 1568 accipit.
2245 1486 2386 1547 Nec
2424 1486 2580 1546 ultra
2611 1486 2730 1545 vim
2755 1505 2938 1565 expe-

1036 1587 1137 1646 riri
1176 1583 1405 1655 volens„
1448 1584 1526 1645 ad
1562 1584 2018 1666 corrumpendos
2055 1584 2228 1645 Sexti
2267 1586 2486 1645 milites
2525 1604 2588 1643 se
2624 1585 2939 1656 convertit,

1036 1682 1151 1743 hoc
1175 1690 1415 1751 eventu,
1442 1691 1511 1741 ut
1532 1690 1593 1740 et
1621 1680 1844 1741 Sextus
1871 1680 2314 1754 interficeretur,
2347 1691 2410 1742 et
2435 1681 2653 1740 milites
2677 1679 2756 1740 ad
2783 1680 2939 1739 Bas-

1036 1798 1167 1838 sum
1190 1776 1527 1848 transirent,
1548 1778 1817 1857 exceptis
1841 1778 1948 1857 qui
1973 1776 2272 1859 Apameae
2294 1779 2739 1859 hyemaverant.
2799 1774 2943 1849 Hos

1038 1876 1100 1934 in
1137 1873 1419 1934 Ciliciam
1457 1882 1846 1952 transgressos
1890 1874 2104 1934 frustra
2151 1874 2376 1935 Bassus
2417 1874 2735 1945 insecutus,
2783 1882 2942 1953 post-

1038 1990 1219 2051 quam
1242 1971 1303 2031 in
1332 1969 1569 2051 Syriam
1594 1970 1789 2041 rediit,
1818 1972 2086 2051 praetoris
2123 1980 2382 2033 assumto
2415 1968 2734 2041 vocabulo,
2762 1970 2941 2049 Apa-

1038 2086 1255 2138 meam,
1306 2066 1471 2147 quod
1510 2075 1640 2127 erat
1681 2068 1798 2126 situ
1844 2075 2026 2147 atque
2070 2086 2248 2149 opere
2283 2069 2696 2137 munitissima,
2741 2065 2946 2127 sedem

1038 2162 1200 2224 bello
1224 2164 1408 2245 cepit,
1435 2172 1496 2224 et
1526 2165 1841 2242 juventute
1868 2184 1984 2223 non
2013 2164 2264 2242 ingenua
2294 2164 2492 2237 modo,
2523 2162 2630 2223 sed
2657 2171 2720 2223 et
2744 2183 2944 2223 servo-

1040 2280 1167 2319 rum
1212 2262 1565 2333 centuriata,
1610 2262 1890 2341 pecunias
1930 2280 2164 2340 cogere,
2213 2282 2422 2343 parare
2463 2280 2648 2331 arma,
2685 2260 2944 2340 denique

1040 2360 1217 2420 rebus
1250 2360 1522 2420 omnibus
1545 2360 1771 2420 munire
1795 2380 1858 2419 se
1885 2360 2159 2419 instituit.

1122 2465 1184 2518 4.
1228 2456 1471 2517 Interea
1498 2456 1704 2517 Caesar
1729 2456 1789 2516 in
1816 2454 2033 2517 Africa
2057 2454 2403 2537 perdifficile
2427 2453 2652 2516 bellum
2678 2454 2946 2535 gerebat,

1042 2564 1251 2616 contra
1274 2555 1566 2614 maximas
1588 2554 1843 2614 hostium
1867 2554 2093 2635 copias,
2135 2553 2312 2613 rebus
2348 2552 2620 2612 omnibus
2644 2554 2856 2634 impar,
2883 2561 2950 2615 et

1044 2660 1274 2713 tantum
1301 2650 1554 2713 fortunae
1590 2671 1713 2711 suae
1746 2652 2064 2732 'animoque
2098 2660 2161 2711 et
2198 2648 2446 2710 consilio
2476 2651 2736 2711 innixus.
2821 2648 2948 2711 Sed

1043 2758 1107 2811 et
1129 2747 1401 2809 frumenti
1448 2748 1649 2829 inopia
1684 2749 2024 2827 urgebatur,
2055 2751 2230 2828 cujus
2264 2748 2462 2808 tenuis
2497 2756 2627 2807 erat
2653 2746 2948 2828 Ruspinae

1043 2866 1297 2918 annona,
1351 2848 1521 2925 panis
1564 2846 1740 2907 simul
1783 2846 2130 2926 obsoniique
2173 2846 2363 2905 vicem
2403 2846 2628 2905 siccata
2663 2844 2948 2925 implente

1046 2942 1183 3005 ficu.
1268 2942 1353 3003 Et
1404 2942 1770 3025 expediundi
1809 2940 2070 3004 difficilis
2108 2953 2238 3004 erat
2287 2942 2461 3014 ratio,
2503 2942 2652 3023 quia
2691 2942 2950 3003 Caesaris

1043 3042 1363 3121 equitatus,
1396 3040 1658 3101 nondum
1695 3043 1839 3101 satis
1874 3061 1908 3099 e
1939 3041 2237 3102 maritima
2257 3041 2592 3120 jactatione
2627 3047 2689 3099 et
2727 3059 2949 3101 nausea

1042 3136 1402 3199 confirmatis
1446 3140 1635 3219 equis,
1675 3138 1882 3219 praelio
1919 3158 2034 3197 non
2076 3138 2342 3198 audebat
2377 3136 2769 3198 contendere:
2805 3156 2945 3197 con-

1041 3243 1135 3295 tra
1168 3232 1457 3294 Numidae
1496 3234 1844 3315 Maurique,
1876 3233 2052 3295 velox
2090 3243 2154 3295 et
2185 3232 2500 3315 expeditus
2533 3254 2738 3313 equos,
2777 3232 2946 3293 inde-

1041 3332 1299 3392 sinenter
1328 3329 1473 3391 locis
1514 3331 1787 3391 omnibus
1811 3332 2200 3410 vagabantur,
2227 3340 2293 3391 et
2314 3332 2457 3412 quia
2481 3350 2725 3391 numero
2765 3332 2944 3391 etiam

1043 3427 1233 3488 multo
1266 3437 1440 3488 erant
1482 3428 1833 3510 superiores,
1876 3428 2039 3489 haud
2077 3427 2450 3490 mediocriter
2493 3427 2796 3490 Caesarem
2835 3415 2938 3488 an*-

1042 3522 1281 3605 gebant.

1124 3628 1185 3681 5.
1228 3622 1408 3683 Forte
1435 3622 1679 3695 accidit,
1716 3632 1782 3683 ut
1807 3622 2065 3685 Caesaris
2099 3624 2351 3705 equites,
2392 3644 2528 3685 cum
2569 3622 2712 3683 Afri
2747 3624 2943 3703 cujus-

1043 3718 1185 3778 dam
1228 3730 1406 3779 cantu
1460 3731 1639 3801 atque
1687 3720 2002 3781 saltatione
2028 3719 2284 3793 deliniti,
2337 3720 2478 3780 lixis
2526 3718 2946 3780 custodiendos

1044 3836 1231 3896 equos
1269 3814 1593 3889 dedissent,
1632 3818 1830 3877 subita
1861 3816 2260 3878 Numidarum
2289 3818 2613 3900 irruptione
2641 3817 2945 3897 turbaren-

966 3996 977 4007 .
1044 3920 1161 3983 tur,
1188 3921 1252 3973 et
1272 3914 1377 3974 vix
1405 3913 1626 3973 insilire
1662 3914 1722 3973 in
1759 3935 1944 3994 equos
1975 3923 2158 3995 atque
2201 3916 2262 3974 in
2299 3924 2500 3975 castra
2523 3913 2790 3991 refugere
2815 3932 2947 3993 pos-

752 4332 901 4383 Anct.
922 4334 985 4383 dc

686 4444 692 4453 .
720 4399 784 4450 Β.
808 4399 916 4449 Arx.

1042 4019 1192 4069 sent.
1279 4008 1464 4075 Quod
1510 4010 1622 4070 nisi
1677 4009 1884 4072 Oaesar
1927 4011 2053 4091 ipse
2105 4031 2240 4071 cum
2292 4010 2512 4071 Asinio
2563 4008 2848 4070 Pollione
2887 4016 2951 4067 et

1044 4106 1343 4165 instructis
1381 4107 1726 4167 cohortibus
1757 4108 2043 4188 progressi
2079 4117 2254 4167 extra
2292 4106 2522 4167 vallum
2557 4126 2658 4167 eos
2697 4105 2949 4187 recepis-

1044 4211 1196 4272 sent,
1234 4224 1451 4283 magna
1479 4204 1707 4278 clades,
1743 4215 1828 4277 et,
1869 4213 1938 4265 ut
1973 4205 2240 4266 nonnulli
2277 4214 2512 4286 putant,
2559 4203 2640 4265 ad
2663 4222 2952 4265 summam

1044 4299 1354 4359 victoriam
1380 4300 1617 4373 efficax,
1645 4312 1894 4383 accepta
1921 4300 2093 4362 foret.
2180 4300 2396 4382 Itaque
2422 4301 2624 4362 Caesar
2659 4302 2720 4359 in
2747 4298 2951 4361 Sandi-

1045 4395 1205 4457 niam
1230 4397 1486 4471 nuntios,
1522 4398 1583 4458 in
1622 4398 1894 4460 Siciliam
1935 4396 2254 4460 Rabirium
2283 4399 2639 4460 Postumum
2667 4397 2848 4458 mittit
2873 4392 2950 4456 ad
