3300 5234
824 538 1001 606 5086

824 706 944 757 Dio.

862 772 993 821 Plin.

826 850 1027 887 xxxxv.
1048 842 1131 889 15.

823 900 975 951 Paua.
996 902 1033 949 1.
1048 918 1106 953 κ.

856 966 969 1017 Sex.
991 966 1108 1020 Rus.

824 1046 873 1081 c.
898 1034 977 1080 lo.

823 1094 959 1145 Plut.

860 1158 975 1213 val.
989 1158 1127 1211 Mu.

826 1239 863 1271 1.
886 1230 937 1277 6.

826 1287 947 1340 Dio.

821 2468 955 2519 Plut.

822 2535 855 2583 J
864 2532 1127 2610 uLObueq·

819 2615 953 2717 Pilut-

826 3060 945 3111 Dio.

821 3926 1125 3996 numniu-

1655 610 1660 613 .
1794 558 1870 609 r.
1911 556 2142 629 mvn³

1232 706 1335 765 29.
1378 700 1487 762 Ad
1518 700 1886 784 Euphratem
1913 704 2184 784 Zeugma
2201 703 2616 787 estoppidum,
2643 724 2722 767 ex
2741 724 2816 766 eo
2839 704 3048 789 appel-

1152 794 1365 869 latum,
1393 798 1555 879 quod
1582 800 1666 859 ibi
1691 798 1856 861 bello
1881 801 2135 861 Persico
2155 809 2392 883 pontem
2415 800 2676 880 Magnus
2700 800 3048 863 Alexander

1152 904 1497 955 struxerat.p
1574 894 1746 957 Nam
1771 897 1933 978 quod
1959 896 2064 958 alii
2090 897 2168 959 de
2203 906 2374 980 patre
2409 898 2625 959 Libero
2656 907 2922 969 narrant,
2957 898 3046 958 fa-

1153 991 1356 1053 bulam
1389 1001 1556 1074 puto.
1641 992 1742 1055 Ibi
1787 994 2202 1056 transducente
2243 996 2568 1057 exercitum
2605 994 2846 1066 crasso,
2881 996 3048 1075 aqui-

1153 1087 1273 1149 lam
1309 1111 1447 1171 quae
1480 1092 1674 1172 prima
1707 1091 1944 1153 sublata
1975 1091 2056 1153 ab
2097 1092 2410 1173 aquilifero
2445 1100 2596 1164 erat,
2633 1100 2844 1174 sponte
2875 1092 3050 1152 fuisse

1152 1206 1500 1249 conversam
1550 1189 1609 1251 in
1652 1190 2031 1263 contrariam,
2085 1210 2158 1251 ac
2200 1188 2522 1261 ferebatur,
2572 1198 2800 1271 partem
2851 1188 3050 1249 aiunt:

1154 1282 1337 1346 aliam
1360 1285 1466 1345 vix
1490 1288 1750 1348 convelli
1785 1288 2067 1370 potuisse,
2110 1294 2397 1366 tanquam
2435 1284 2658 1347 adnata
2679 1294 2853 1346 terrae
2880 1284 3049 1346 foret.

1154 1376 1431 1441 Aureum
1490 1385 1709 1465 aquilae
1763 1384 2144 1446 simulacrum
2189 1382 2436 1463 legionis
2477 1380 2776 1443 Romanae
2821 1383 3052 1462 signum

1152 1484 1303 1537 erat.
1388 1477 1467 1539 Id
1510 1480 1664 1541 inter
1707 1479 2200 1564 proficiscendum
2243 1480 2464 1559 exiguo
2486 1478 2657 1539 velut
2693 1479 2926 1541 sacello
2963 1480 3050 1539 in-

1151 1572 1381 1634 clusum
1408 1575 1595 1637 hastae
1622 1578 2058 1659 imponebatur,
2073 1576 2134 1636 in
2161 1584 2397 1635 acutam
2419 1575 2726 1657 cuspidem
2739 1575 3050 1646 desinenti,

1154 1679 1224 1730 ut
1264 1670 1327 1731 in
1356 1666 1545 1732 aolum'
1584 1672 1766 1753 defigi
1805 1682 2022 1755 posset.
2101 1670 2270 1731 Talis
2301 1682 2428 1732 tum
2451 1690 2658 1732 mucro
2694 1680 2818 1732 tan
2845 1680 3048 1731 contu-

1154 1766 1398 1827 maciter
1420 1768 1595 1829 haesit
1619 1770 1809 1841 humi,
1837 1778 1908 1831 ut
1931 1770 2034 1831 vix
2061 1767 2380 1829 multorum
2403 1768 2580 1831 simul
2617 1768 2748 1827 nisu
2771 1766 3050 1829 evellere·

1156 1871 1269 1922 tur.
1338 1864 1646 1927 Praeterea
1671 1867 1904 1945 signum
1931 1864 2209 1937 militare,
2237 1865 2397 1945 quod
2419 1865 2762 1945 inscriptam
2787 1865 3052 1947 puniceis

1153 1957 1339 2019 literis
1362 1962 1659 2022 exercitus
1683 1962 2168 2043 imperatorisque
2191 1962 2459 2022 notitiam
2471 1961 2757 2032 babebat,
2775 1960 3050 2039 signifero

1151 2065 1419 2137 ereptum
1445 2060 1503 2118 in
1536 2058 1906 2141 Euphratem
1943 2060 2196 2141 projecit
2218 2068 2446 2120 ventus.
2525 2058 2670 2126 Quo
2693 2058 2847 2130 viso,
2875 2058 3050 2118 Cras-

1150 2172 1251 2213 sus
1290 2163 1489 2215 cetera
1527 2158 1660 2235 ejus
1699 2158 2138 2237 magnitudinis,
2170 2157 2312 2218 vela
2345 2158 2504 2217 enim
2542 2156 2666 2216 fere
2707 2156 3050 2237 aequabant,

1152 2251 1397 2331 praecidi
1413 2254 1619 2333 jussit,
1646 2264 1716 2315 ut
1739 2254 1932 2315 minus
1953 2256 2220 2315 obnoxia
2243 2254 2572 2315 turbinibus
2593 2262 2808 2314 essent.

1232 2355 1333 2409 30.
1377 2349 1914 2413 Proficiscentibus
1939 2371 2046 2434 per
2074 2360 2337 2434 pontem,
2361 2351 2572 2412 crebra
2599 2360 2662 2411 et
2685 2350 2916 2411 atrocia
2937 2347 3050 2410 ful-

1152 2464 1322 2523 gura,
1360 2466 1499 2507 cum
1540 2448 1764 2527 ingenti
1805 2447 2040 2528 fragore
2066 2446 2224 2520 coeli,
2265 2448 2417 2508 inter
2450 2447 2694 2508 densam
2718 2447 3050 2507 nimborum

1149 2542 1469 2622 caliginem
1506 2544 1569 2605 in
1606 2544 1859 2607 adversa
1899 2534 2154 2606 militum
2187 2564 2294 2606 ora
2317 2545 2682 2606 micuerunt:
2723 2552 2793 2604 ut
2817 2545 2970 2605 inter
2991 2564 3050 2603 se

1152 2639 1455 2701 trudentes
1486 2652 1838 2723 ruentesque
1877 2644 1984 2705 vix
2023 2644 2082 2704 in
2119 2642 2392 2704 hostilem
2427 2650 2644 2703 terram
2673 2642 3048 2719 eniterentur.

1155 2734 1246 2796 Et
1270 2756 1419 2797 unus
1452 2758 1736 2819 equorum
1764 2741 2131 2823 imperatoris
2156 2740 2459 2821 insigniter
2483 2742 2888 2801 ornatus'cum
2913 2758 3048 2817 aga-

1150 2852 1297 2893 sone
1337 2835 1566 2914 gurgite
1608 2835 1857 2897 haustus
1890 2836 2203 2919 disparuit.
2295 2836 2490 2897 Locus
2515 2836 2620 2897 ubi
2643 2844 2843 2897 casn-a
2867 2844 3046 2897 meta-

1150 2929 1269 2989 turi
1304 2939 1490 3003 erant,
1530 2931 1623 2992 bis
1659 2931 1738 2993 de
1767 2933 1920 2993 coelo
1947 2942 2144 2995 tactus
2173 2942 2282 2995 est.
2364 2932 2450 2993 Et
2481 2932 2824 3013 priusquam
2851 2951 3048 2994 omnes

1149 3025 1486 3103 transirent,
1526 3028 1724 3110 pontis
1758 3036 1988 3111 partem
2029 3050 2308 3111 magnam
2351 3050 2564 3112 repens
2605 3028 2880 3112 procella
2919 3046 3044 3109 per-

1152 3118 1349 3200 fregit.

1232 3224 1333 3278 31.
1376 3216 1557 3281 Nihil
1586 3230 1914 3284 ceterorum
1941 3232 2066 3285 tam
2093 3224 2299 3285 terruit
2321 3224 2576 3286 milites:
2620 3221 2874 3284 reditum
2898 3220 3046 3283 enim

1146 3312 1260 3373 sibi
1286 3316 1649 3395 apertissime
1678 3320 1984 3401 praecisum
2018 3320 2570 3401 interpretabantur.
2617 3311 2631 3325 ⁶
2655 3319 2852 3399 Igitur-
2876 3318 3044 3379 Cras-

1148 3430 1269 3480 sus,
1296 3420 1365 3471 ut
1386 3414 1792 3477 consolaretur
1817 3417 2199 3499 trepidantes,
2227 3418 2522 3479 advocata
2545 3418 2859 3487 concione,
2889 3426 2907 3453 ‘
2927 3414 3046 3476 De-

1146 3508 1366 3580 sinite,’
1410 3509 1623 3590 inquit,
1671 3514 1953 3586 ‘turbari,
1999 3514 2236 3575 milites.
2311 3512 2492 3574 Nihil
2535 3512 2640 3573 bic
2681 3534 2854 3573 castis
2893 3514 3046 3573 tn‘sts

1150 3606 1462 3685 praesagit:
1504 3626 1617 3668 nec
1642 3610 1800 3669 enim
1825 3609 1964 3683 bac,
1985 3610 2091 3671 sed
2115 3630 2224 3691 per
2238 3608 2616 3681 Armeniam,
2629 3610 2868 3688 juratus
2889 3608 3044 3678 dico,

1148 3700 1427 3763 reducere
1461 3704 1669 3785 copias
1705 3705 2129 3768 decreveram!
2208 3706 2368 3768 Cum
2392 3708 2504 3768 sub
2541 3708 2672 3767 baec
2695 3706 2878 3767 erecti
2905 3724 3044 3787 pau-

1148 3796 1325 3879 lisper
1356 3798 1535 3860 animi
1570 3809 1788 3874 essent,
1823 3802 2084 3865 validius
2115 3804 2342 3875 statim,
2365 3823 2548 3884 quam
2587 3822 2850 3883 unquam
2879 3810 3045 3862 anoes

1148 3895 1404 3976 perculsi
1439 3906 1579 3959 sunt
1609 3918 1758 3961 voce
1795 3920 1978 3981 quam
2013 3900 2236 3981 adjecit
2269 3902 2628 3983 imporator:
2673 3910 2692 3937 ‘
2718 3899 2908 3972 Hac,’
2943 3898 3041 3969 tit,

1146 4000 1165 4029 ⁸
1190 4001 1451 4055 nostrum
1492 4016 1668 4057 nemo
1705 4000 2069 4059 revertetur?
2144 3998 2369 4078 Neque
2401 3998 2638 4059 curavit
2679 3996 2952 4067 Oramus,
2983 4014 3042 4054 re

1148 4090 1579 4167 animadversa,
1604 4094 1900 4175 corrigere
1924 4095 2174 4170 dictum,
2201 4105 2307 4158 aut
2325 4096 2802 4177 interpretatione
2827 4094 3041 4155 lenire:

1210 4286 1239 4321 Ρ
1274 4282 1357 4332 Ex
1376 4286 1754 4350 namnetum,
1774 4288 1899 4352 quod
1923 4286 2067 4340 ibi..
2139 4288 2369 4351 videtur,
2396 4302 2464 4338 an
2491 4302 2556 4339 eo
2596 4285 2712 4337 loco
2747 4284 3040 4337 Alexander

1141 4351 1335 4408 mem
1371 4349 1585 4413 Mag-nus
1604 4352 1885 4403 Alexander
1905 4359 2065 4403 dna:-
2136 4355 2454 4417 Euphratem
2495 4352 2862 4403 transmiserit.
2927 4348 3039 4400 vid.

1143 4410 1281 4489 σαι]
1309 4411 1427 4463 Hoc
1451 4430 1554 4465 non
1592 4424 1674 4466 est
1707 4419 1822 4468 sina
1857 4426 2062 4469 contro·
2135 4420 2330 4471 cellar.
2361 4418 2557 4485 Geogr.
2578 4416 2710 4469 Ant.
2729 4419 2766 4468 Ι.
2789 4429 2942 4468 nhc.
2961 4418 3040 4465 22.

1146 4488 1351 4563 ven-sn:¹
1370 4487 1432 4529 se
1456 4480 1644 4533 merito
1659 4482 1888 4535 dubitari
1911 4498 2064 4549 posse
2137 4486 2278 4537 Cres.
