3300 5234
790 572 967 639 ⁵338
1762 590 1835 639 τ.
1883 590 2078 639 mvn

1116 732 1543 813 nepotibusque
1580 731 1862 805 dabatur,
1891 754 2026 793 cum
2067 732 2262 792 nullos
2293 731 2575 802 haberet:
2619 732 2780 813 quod
2815 743 3022 814 postea

1117 840 1429 911 sequentes
1478 829 1557 891 ad
1609 832 1902 911 principes
1945 850 2082 891 cum
2132 831 2368 890 nomine
2423 829 2678 890 Caesaris
2727 835 3020 911 pervenit,

822 932 943 982 Tac.
960 931 1088 983 Ann-
1116 928 1350 1007 privato
1370 946 1714 987 concessum
1739 927 1992 986 nemini:
2031 946 2169 987 cum
2200 926 2396 987 adhuc
2433 926 2818 1007 imperatores
2839 948 3021 989 voca-

790 1002 983 1113 {23:¹⁴⁰
1114 1033 1313 1083 rentur
1348 1024 1429 1084 ob
1466 1024 1796 1083 victoriam.
1881 1023 2082 1090 Quem
2121 1022 2402 1082 honorem
2433 1022 2544 1103 ipsi
2581 1043 2822 1102 quoque
2859 1026 3019 1105 prin—

818 1126 939 1177 Tac.
954 1126 1089 1176 Ann.
1110 1122 1276 1201 cipes
1300 1120 1694 1192 asciscebant,
1720 1119 1816 1180 vel
1841 1121 2090 1201 saepiusz
2135 1127 2203 1179 nt
2227 1120 2540 1198 Augustus
2563 1118 2804 1199 quidem
2831 1123 3020 1201 impe·

786 1198 935 1304 ''135³'’
975 1254 1037 1303 ,Δ
1110 1226 1271 1277 rator
1296 1212 1892 1299 appellatusfflegntur
1915 1215 2097 1276 semel
2121 1224 2184 1275 et
2207 1216 2408 1276 vicies.
2481 1215 2608 1276 Sed
2635 1217 2748 1276 ista
2771 1216 3018 1296 quidem

780 1272 1053 1371 ΤωῨᾹιιιι.
1110 1314 1436 1396 appellatio
1479 1314 1712 1394 quoties
1757 1309 1969 1373 victori
2013 1313 2308 1383 tribuitur,
2357 1321 2492 1393 post
2536 1332 2748 1373 nomen
2797 1315 3014 1374 ascribi

734 1454 739 1459 -
782 1399 873 1433 ¹¹¹·
894 1390 977 1436 ⁷⁴·
1108 1410 1293 1470 solet:
1337 1410 1554 1481 eidem,
1581 1411 1813 1489 quoties
1845 1409 2210 1490 principatus
2233 1418 2324 1469 est
2357 1420 2522 1479 nota,
2557 1411 2954 1489 praemittitur.

780 1497 983 1549 Sueton.
1188 1514 1247 1567 8.
1293 1506 1663 1587 Appellatus
1693 1514 1786 1566 est
1819 1514 1884 1565 et
1919 1515 2088 1587 pater
2123 1506 2352 1586 patriae,
2399 1514 2465 1565 et
2504 1504 2764 1565 dictator
2803 1526 3012 1588 perpe-

780 1562 1008 1691 {133³ae
1028 1568 1080 1615 2.
1105 1612 1264 1672 tuus,
1304 1603 1627 1683 consulque
1675 1604 1732 1661 in
1773 1602 2128 1665 decennium
2163 1602 2540 1681 continuum,
2571 1610 2636 1661 et
2671 1622 3011 1663 morosane-

778 1692 1063 1753 Dio,xun.
1104 1709 1201 1759 tus
1234 1720 1358 1759 esse
1406 1702 1629 1779 jussus,
1663 1718 1784 1779 quo
1821 1702 1960 1778 jure
2001 1718 2234 1778 semper
2271 1699 2494 1758 tribuni
2531 1697 2722 1777 plebis
2753 1698 3010 1760 fuerant.

774 1764 830 1804 't
853 1772 998 1807 xuv.
1107 1795 1526 1857 Sacerdotibus
1546 1795 2014 1876 Vestalibusque
2051 1796 2408 1875 injunctum,
2449 1806 2468 1829 ‘
2495 1796 2584 1853 uti
2607 1796 2858 1874 singulis
2891 1799 3010 1859 lus-

1102 1895 1211 1954 tris
1238 1901 1380 1953 vota
1419 1913 1527 1974 pro
1561 1912 1635 1952 eo
1667 1892 1933 1953 facerent
1973 1891 2252 1974 publice.’
2336 1892 2684 1961 Decretum,
2727 1902 2748 1929 ‘
2779 1914 2852 1953 ne
2879 1897 3012 1974 quis

1100 1992 1483 2069 conjunctum
1516 2008 1652 2049 cum
1687 2010 1761 2049 eo
1803 1989 2111 2069 imperium
2151 1987 2418 2059 haberet,
2445 2008 2594 2049 neve
2629 2008 2826 2048 rerum
2849 1991 3012 2051 bello

1101 2086 1487 2165 gerendarum
1538 2084 1778 2145 laudem
1829 2086 2320 2145 communicaret:
2377 2086 2583 2164 utique
2635 2087 3010 2163 magistratus

1098 2184 1253 2243 inter
1284 2181 1605 2242 ineundum
1632 2174 1928 2261 jurarent,
1957 2181 2103 2241 nihil
2131 2191 2392 2241 moturos
2413 2200 2618 2241 eorum
2653 2201 2788 2261 quae
2815 2194 3010 2243 efflent

1100 2302 1139 2341 a
1166 2282 1403 2341 Ome
1442 2279 1726 2355 definita:
1769 2299 1918 2339 neve
1953 2278 2086 2359 quis
2125 2280 2346 2358 injussu
2383 2279 2514 2357 ejus
2547 2278 2736 2338 ullam
2773 2290 3006 2359 partem

1096 2377 1367 2438 militaris
1396 2376 1647 2457 imperii,
1685 2384 1792 2436 aut
1829 2376 2096 2456 pecuniae
2133 2374 2394 2454 publicae
2428 2375 2786 2452 attingeret!

1178 2478 1239 2531 9.
1284 2469 1555 2529 Mensem
1586 2490 1823 2549 quoque
1857 2470 2031 2549 cujus
2069 2488 2278 2528 nomen
2319 2468 2650 2547 antiquitus
2687 2486 2726 2527 a
2759 2488 3008 2530 numero

806 2570 968 2619 Euseb
1099 2567 1391 2634 Quintilis
1440 2565 1656 2636 tuerat,
1707 2565 1936 2625 Julium
1991 2565 2280 2647 appellari
2329 2564 2662 2635 voluerunt,
2713 2564 2876 2644 quod
2935 2588 3008 2625 eo

770 2640 1022 2749 ”35¹3ssss
1094 2684 1290 2725 mense
1346 2672 1478 2723 crat
1532 2664 1591 2721 in
1640 2662 1832 2722 lucem
1875 2662 2093 2733 editus,
2136 2662 2224 2722 A.
2248 2662 2333 2722 D.
2379 2676 2472 2721 lv.
2515 2658 2701 2721 Idus:
2744 2681 2867 2741 quo
2903 2661 3004 2722 die

768 2765 873 2840 Set.
896 2782 935 2813 1.
968 2770 1043 2815 12.
1092 2758 1545 2821 sacrificandum
1596 2779 1836 2839 quoque
1879 2767 2232 2819 censuerunt
2281 2758 2362 2817 ob
2411 2758 2670 2817 natalem
2727 2758 3004 2819 Caesaris.

836 2845 883 2886 ⁰¹
901 2844 1070 2880 xum.
1094 2856 1217 2918 Sed
1242 2859 1383 2939 quin
1406 2857 1533 2917 dies
1556 2856 1766 2917 eudem
1799 2856 2212 2917 celebrabatur
2237 2855 2696 2935 Apollinaribus
2720 2853 2902 2925 ludis,
2931 2874 3004 2915 ea

1088 2973 1271 3014 causa
1294 2954 1429 3024 fuit,
1454 2974 1581 3023 cur,
1606 2951 1806 3013 edicto
1831 2953 2260 3013 triumvirorum
2291 2960 2522 3032 postea,
2551 2950 2806 3010 Caesaris
2831 2960 3000 3011 nata—

1090 3050 1164 3109 lis
1206 3052 1263 3110 in
1308 3050 1754 3111 antecedentem
1799 3049 1956 3109 diem
1997 3050 2420 3110 retraheretur:
2463 3048 2610 3127 quia
2651 3048 2906 3107 honores
2943 3049 2999 3107 ei

1088 3147 1323 3217 divinos
1382 3150 1599 3208 habere
1659 3148 2001 3227 cupiebant,
2041 3144 2506 3227 Apollinaribus·
2537 3164 2652 3205 non
2701 3154 2996 3225 poterant,

1088 3264 1265 3323 quem
1292 3244 1449 3304 diem
1479 3245 1740 3325 antiquae
1766 3244 2078 3323 religiones
2117 3244 2288 3302 unius
2315 3240 2626 3322 Apollinis
2659 3242 2862 3301 honori
2889 3264 2996 3303 vo-

760 3350 826 3398 D·
902 3366 1060 3403 xuu.
1086 3339 1322 3400 luerunt
1364 3362 1489 3401 esse
1528 3350 1956 3401 consecratum.
2037 3339 2192 3400 Tum
2231 3341 2412 3400 etiam
2447 3349 2704 3399 statuam
2737 3337 3000 3401 casaris

814 3366 879 3407 ιο,

758 3412 956 3466 sueton.
1085 3439 1428 3508 eburneam,
1474 3460 1614 3499 mox
1669 3440 1938 3499 thensam
1984 3448 2046 3498 et
2091 3438 2380 3497 ferculum
2424 3436 2682 3496 Caesaris
2727 3434 2996 3497 Circensi

756 3542 895 3595 flor!
1086 3555 1307 3616 pompa
1344 3536 1495 3595 inter
1530 3535 1848 3595 simulacra
1887 3535 2150 3595 Deorum
2183 3537 2488 3614 jusserunt
2525 3532 2700 3591 vehi:
2744 3542 2810 3593 et
2847 3535 2994 3594 ima-

755 3610 978 3724 ssfoffim·
1086 3633 1250 3709 gines
1277 3634 1335 3692 in
1363 3632 1601 3714 templis
1626 3633 1792 3693 vario
1816 3642 2028 3692 ornatu
2057 3640 2518 3712 proposuerunt:
2561 3648 2738 3689 unam
2765 3631 2828 3689 in
2853 3631 2996 3691 fano

1088 3729 1326 3796 Quirini
1351 3750 1487 3789 cum
1514 3730 1888 3810 inscriptione
1918 3728 2038 3789 Dei
2066 3730 2306 3797 invicti;
2351 3728 2534 3803 aliam
2573 3728 2632 3786 in
2661 3726 2991 3807 Capitolia,

791 3840 897 3893 Cic.
922 3856 1009 3905 pro
1086 3826 1188 3885 ubi
1214 3836 1439 3906 septem
1466 3846 1667 3903 regum
1696 3834 1862 3885 erant
1895 3833 2130 3895 statuae,
2163 3834 2226 3884 et
2265 3835 2482 3885 octava
2521 3824 2580 3882 iu
2625 3822 2828 3883 medio
2861 3824 2988 3902 glas·

752 3904 901 4016 ”151in
899 3922 944 3955 ⁰
974 3909 1052 3955 ¹²·
1081 3922 1243 3981 dium
1297 3924 1632 4001 stringentis
1685 3923 1757 3982 L.
1807 3922 2006 3993 Bruti,
2061 3922 2164 4002 qui
2238 3922 2528 3982 libertatis
2575 3918 2796 3980 vindex
2853 3920 2985 3981 fnit.

754 4048 961 4083 xxxm.
986 4038 1033 4082 1.
1080 4020 1273 4080 Juxta
1310 4020 1465 4079 hanc
1503 4018 1762 4079 Caesaris
1801 4019 2098 4079 collocata
2135 4028 2334 4080 statua
2369 4016 2462 4078 M.
2495 4018 2688 4077 Bruto
2723 4036 2984 4079 momen—

751 4096 888 4212 ξῐξοξ·
910 4100 1051 4150 Brut.
1078 4126 1207 4175 tum
1256 4116 1333 4175 ad
1390 4116 1625 4175 facinus
1676 4114 1852 4175 fuisse
1908 4116 2192 4186 creditur,
2243 4114 2404 4196 quod
2455 4124 2663 4197 postea
2709 4115 2982 4194 suscepit.

754 4206 887 4280 FlorJ
1080 4212 1207 4273 His
1259 4214 1547 4271 honorum
1602 4211 1771 4271 velut
1823 4211 2024 4273 infulis
2073 4212 2322 4275 victima
2369 4212 2714 4283 ornabatur,
2769 4210 2984 4270 solatio

1079 4310 1279 4390 potius
1328 4328 1507 4388 quam
1563 4307 1823 4368 remedio
1871 4329 2080 4369 casura
2139 4309 2450 4369 libertatis.
2563 4306 2685 4367 Sed
2740 4316 2804 4365 et
2861 4305 2982 4365 alia

1078 4405 1267 4465 multa
1304 4404 1543 4465 decreta
1576 4404 1838 4476 fuerunt,
1885 4426 2020 4486 quae
2061 4416 2257 4469 tamen
2301 4426 2382 4467 ex
2409 4404 2502 4465 his
2525 4402 2800 4485 cognosci
2825 4403 2978 4462 msti-

1076 4503 1343 4582 marique
1380 4503 1619 4582 possint.
