3300 5234
766 601 945 673 5132

1727 625 1798 673 Τ.
1841 627 2020 678 mvn

1098 787 1277 830 unam
1306 777 1539 840 tantum
1572 770 1824 832 haberet
1857 771 2090 854 imperii
2117 781 2386 851 aestatem
2411 772 2723 855 reliquam,
2749 793 3016 856 eamque

1098 864 1285 946 ipsam
1313 866 1535 934 inimici
1560 877 1844 949 cuperent
1865 869 2089 950 eripere
2111 891 2129 939 ς
2175 869 2344 931 nulla
2368 869 2490 931 alia
2511 871 2740 932 ratione
2761 872 3016 932 rebatur

1095 961 1373 1034 obtineri,
1399 983 1580 1044 quam
1604 966 1789 1025 tantis
1813 964 2113 1028 laboribus
2137 968 2472 1047 quesierat,
2511 975 2740 1048 pacatae
2773 966 3014 1054 Galliae

1096 1057 1317 1122 famam
1344 1080 1535 1141 posse.

1176 1161 1278 1220 27.
1339 1155 1674 1218 Consilium
1727 1156 1984 1218 Coesaris
2027 1156 2205 1220 solita
2255 1159 2390 1237 ejus
2432 1156 2690 1220 felicitas
2739 1159 3014 1240 adjuvit.

1098 1252 1227 1314 Sub
1269 1252 1427 1314 idem
1468 1265 1704 1334 tempus
1745 1251 2041 1326 Luterius,
2082 1254 2187 1334 qui
2229 1273 2416 1324 noras
2457 1255 2754 1316 concitare
2791 1258 3016 1320 turbas

1096 1351 1409 1432 potuisset,
1456 1351 1535 1410 ab
1583 1349 1926 1430 Epasnacto
1972 1349 2250 1422 Arverno
2293 1350 2526 1412 vinctus
2567 1351 2646 1412 ad
2698 1351 3013 1414 omrem

1096 1447 1304 1508 missus
1343 1454 1453 1506 est.
1538 1445 1778 1528 Drapes
1823 1445 2056 1526 aliquot
2091 1445 2322 1506 dierum
2367 1447 2570 1508 inedia
2607 1467 2672 1510 se
2721 1447 3012 1512 confecit.

1099 1541 1285 1602 Surus
1306 1543 1541 1604 virtutis
1562 1551 1625 1602 et
1650 1543 1882 1622 generis
1905 1541 2068 1603 fama
2091 1542 2330 1614 nobilis,
2355 1543 2460 1624 qui
2485 1544 2648 1604 solus
2670 1543 3014 1608 AEduomm

1098 1659 1265 1700 arma
1286 1640 1625 1711 retinuerat,
1653 1639 1714 1701 in
1741 1639 1999 1700 Treviris
2023 1659 2062 1698 a
2088 1638 2356 1700 Labieno
2377 1647 2591 1721 captus
2623 1649 2713 1702 est
2744 1644 3012 1723 equestri

1097 1734 1325 1817 praelio,
1350 1755 1473 1816 quo
1496 1744 1559 1796 et
1580 1735 1814 1798 Treviri
1843 1744 1907 1796 et
1933 1734 2242 1807 Germani,
2283 1735 2657 1799 Trevirorum
2685 1738 2860 1810 socii,
2899 1759 3008 1800 su-

1098 1832 1287 1914 perati
1322 1841 1478 1894 sunt.
1558 1831 1716 1893 Tota
1741 1830 1954 1894 Gallia
1985 1839 2225 1914 pacata,
2251 1851 2388 1893 cum
2429 1833 2692 1894 nondum
2729 1833 3010 1915 Aquita-

1096 1930 1257 1991 niam
1278 1929 1497 1990 adisset
1506 1929 1731 2001 Caesar,
1751 1929 1857 1990 sed
1873 1950 1979 2012 per
1997 1930 2080 1990 P.
2095 1929 2374 1990 Crassum
2393 1931 2713 1992 nonnullas
2725 1932 3012 1995 civitates

1096 2026 1444 2106 subegisset,
1466 2046 1539 2086 eo
1558 2026 1858 2108 profectus
1875 2035 1986 2098 est,
2017 2026 2406 2108 omnibusque
2424 2025 2654 2107 legatos
2679 2037 2742 2090 et
2765 2029 3012 2091 obsides

1098 2123 1489 2194 mittentibus,
1533 2122 1871 2203 Aquitania
1895 2123 2169 2185 universa
2193 2123 2254 2182 in
2292 2120 2474 2184 fidem
2511 2134 2786 2206 accepta,
2829 2124 3007 2188 Nar-

1098 2220 1315 2280 bonem
1334 2220 1549 2282 rediit:
1590 2229 2002 2301 conventuque
2030 2220 2114 2280 ibi
2138 2220 2369 2292 habito,
2391 2220 2454 2280 in
2483 2221 2708 2302 Belgas
2733 2223 2905 2297 abiit,
2935 2233 3010 2285 ut

1100 2317 1569 2380 Nemetocenna
1598 2319 1976 2400 hybemaret.

1180 2421 1283 2477 28.
1329 2415 1429 2476 Ibi
1457 2416 1730 2478 lubenter
1753 2415 2055 2496 cognovit,
2083 2436 2156 2475 ne
2182 2415 2326 2496 quid
2353 2415 2569 2476 deinde
2595 2417 2900 2478 turbarum
2939 2419 3008 2480 in

1102 2499 1317 2574 Gallia
1338 2521 1647 2586 metueret,
1674 2513 1855 2574 etiam
1881 2511 2160 2573 Oomium
2188 2512 2540 2574 Atrebatem
2577 2513 2638 2574 in
2673 2511 2854 2574 fidem
2897 2535 3007 2577 ve-

1100 2608 1274 2670 nisse.
1368 2610 1437 2670 Is
1474 2611 1655 2681 enim,
1702 2619 1840 2691 post
1885 2608 2078 2670 factas
2127 2610 2240 2670 sibi
2293 2609 2534 2670 insidias
2583 2610 2666 2670 ad
2714 2609 3010 2672 ultionem

1098 2727 1331 2790 semper
1354 2708 1635 2779 intentus,
1663 2707 1974 2768 occasione
2008 2705 2246 2766 tandem
2287 2715 2542 2788 reperta,
2581 2727 2748 2768 arma
2787 2727 3008 2789 posue-

1102 2815 1214 2866 rat.
1299 2804 1469 2866 Nam
1508 2803 1584 2865 C.
1611 2803 1957 2865 Volusenus
1997 2803 2347 2872 Quadratus
2379 2805 2644 2884 equitum
2687 2805 3011 2886 praefectus

1101 2899 1181 2962 ad
1227 2900 1289 2961 id
1330 2901 1720 2982 colloquium,
1770 2920 1875 2981 per
1915 2902 2090 2980 cujus
2129 2900 2564 2961 simulationem
2605 2900 2804 2962 Comii
2845 2922 3010 2966 mors

1100 2997 1436 3078 petebatur,
1482 2997 1694 3056 missus
1731 3015 1772 3056 a
1818 2994 2084 3057 Labieno
2129 2995 2339 3057 fuerat.
2442 2996 2634 3077 Igitur
2681 3017 2818 3058 cum
2860 2998 3008 3063 hinc

1100 3113 1381 3174 magnum
1416 3095 1567 3154 inter
1590 3115 1693 3156 eos
1717 3093 1916 3154 odium
1942 3093 2366 3163 intercederet3
2409 3092 2772 3167 Volusenus,
2799 3095 3009 3159 Comii
3078 3149 3082 3154 .

1098 3213 1257 3272 saepe
1282 3192 1623 3272 interceptis
1643 3191 1962 3272 equitibus,
1992 3201 2286 3272 postremo
2315 3190 2592 3272 capiendi
2623 3191 2802 3273 ipsius
2831 3196 3006 3277 cupi-

1100 3289 1309 3360 ditate,
1336 3309 1471 3348 eum
1499 3309 1635 3354 cum
1662 3289 1868 3370 paucis
1891 3288 2398 3349 vehementissime
2422 3298 2515 3350 est
2541 3290 2853 3350 insecutus.
2899 3289 3008 3352 Ibi

1102 3384 1370 3457 Comius,
1398 3384 1569 3464 longe
1606 3405 1645 3445 a
1683 3386 1804 3445 suis
1829 3385 2138 3464 abreptum
2164 3383 2392 3456 videns,
2409 3393 2674 3466 -repente
2713 3385 3006 3449 comitum

1102 3483 1341 3544 invocat
1365 3481 1567 3553 fidem,
1593 3501 1994 3562 conversoque
2019 3501 2176 3561 equo
2202 3480 2573 3542 Volusenum
2598 3483 2788 3563 petit:
2816 3486 3004 3545 ceteri

1098 3590 1335 3642 strenue
1378 3587 1702 3660 sequuntur
1737 3578 1988 3638 ducem:
2051 3577 2314 3637 Romani
2355 3599 2420 3638 re
2455 3580 2774 3661 improvisa
2811 3582 3008 3642 territi

1098 3688 1269 3757 terga
1302 3685 1557 3738 vertunt.
1641 3674 1890 3736 Comius
1913 3673 2227 3742 Quadrati
2261 3674 2522 3735 medium
2565 3675 2757 3738 femur
2789 3677 3006 3742 lancea

1100 3776 1360 3856 trajicit·
1401 3772 1682 3882 praefecti·
1693 3772 1908 3833 vulnus
1932 3771 2244 3832 Romanos
2273 3771 2498 3854 pudore
2521 3773 2692 3834 sistit.
2775 3774 2886 3836 Ab
2910 3777 3006 3838 his

1099 3871 1295 3936 denuo
1318 3879 1627 3932 vertuntur
1665 3870 1724 3928 in
1755 3869 1958 3948 fugam
1991 3867 2182 3929 Galli.

1178 3975 1281 4030 29.
1327 3967 1476 4030 Hac
1502 3989 1564 4028 re
1591 3975 1950 4048 perpetrata,
1980 3965 2248 4036 comius,
2289 3966 2416 4026 sive
2441 3965 2602 4045 quod
2627 3966 2844 4029 multos
2865 3989 3003 4030 suo-

1098 4087 1227 4126 rum
1253 4067 1553 4138 amiserat,
1588 4065 1712 4126 sive
1739 4063 1932 4125 dolori
1951 4085 2059 4125 suo
2085 4061 2455 4124 satisfactum
2481 4064 2740 4138 rebatur,
2775 4063 3006 4145 legatos

1100 4161 1177 4223 ad
1234 4163 1325 4222 M.
1380 4161 1714 4223 Antonium
1760 4161 1939 4231 misit,
1991 4161 2280 4240 imperata
2339 4160 2632 4221 facturum
2679 4161 3002 4242 pollicitus,

1100 4261 1241 4320 dum
1270 4257 1633 4324 ne'Romani
1657 4259 2008 4338 cujusquam
2043 4258 2104 4317 in
2129 4266 2506 4338 conspectum
2531 4261 2781 4320 veniret.
2865 4259 3002 4318 An-

1100 4357 1317 4426 tonius,
1362 4356 1441 4415 ab
1469 4357 1637 4435 justo
1685 4363 1846 4415 metu
1894 4351 2188 4435 proficisci
2233 4353 2531 4436 postulata
2571 4354 2772 4416 Comii
2813 4363 3000 4426 ratus,

1101 4452 1411 4512 obsidibus
1438 4453 1717 4532 acceptis,
1745 4451 1984 4512 veniam
2019 4460 2284 4510 actorum
2320 4452 2593 4512 omnibus
2614 4451 2720 4533 qui
2755 4470 2894 4512 cum
2928 4471 3001 4511 eo

1102 4547 1361 4622 fuerant,
1378 4556 1442 4608 et
1468 4547 1579 4629 ipsi
1604 4567 1786 4630 quam
1813 4548 2064 4628 petierat
2085 4547 2313 4610 vitandi
2325 4547 2634 4619 Romanos
2650 4548 3000 4611 facultatem
