3300 5234
846 557 1055 605 mum
1105 558 1221 605 cv.
1266 556 1916 606 surranum-trum.
2305 543 2482 609 5053

268 722 447 763 muros
498 699 1079 781 Hierosolymitanos
1122 720 1355 761 eversos
1398 721 1437 760 a
1476 700 1778 781 Pompeio
1830 702 2152 761 instaurare

264 801 535 881 coepisset,
558 799 775 860 deinde
816 800 895 860 ab
930 800 1043 859 boc
1074 798 1340 859 instituto
1379 798 1641 879 repulsus
1679 798 2150 859 Machaeruntem

266 906 319 957 et
342 898 458 957 alia
478 898 757 976 quaedam
780 897 1033 957 castella
1064 898 1476 968 communiret,
1504 896 1827 966 Gabinius,
1853 892 2152 977 praemisso

267 994 347 1053 M.
372 994 671 1066 Antonio,
696 1014 875 1074 quem
911 994 1204 1075 equitatui
1238 992 1605 1075 praefecerat,
1642 1012 1781 1053 cum
1819 991 2150 1071 legionibus
2207 998 2336 1048 Plut.
2357 999 2478 1047 Ant.

263 1092 611 1163 subsecutus,
649 1091 812 1153 baud
838 1090 1045 1173 procul
1088 1088 1529 1170 Hierosolymis
1562 1090 1730 1169 signa
1759 1109 1896 1149 cum
1920 1087 1962 1148 J
1965 1088 2150 1149 udaeis
2171 1068 2372 1195 fle-'epm

164 1170 172 1177 '
263 1188 517 1249 eontulit.
602 1188 703 1248 Ibi
747 1208 883 1249 cum
925 1187 1043 1247 tria
1084 1186 1273 1247 millia
1311 1186 1634 1248 interfecta·
1669 1187 1946 1257 hostium,
1973 1194 2152 1267 capta

262 1285 489 1347 totidem
514 1294 752 1355 essent3
797 1284 1009 1365 reliqui
1046 1304 1183 1347 cum
1223 1283 1379 1345 duce
1410 1304 1518 1345 suo
1545 1282 1984 1345 Alexandrium
2009 1304 2150 1345 con·

261 1382 537 1461 fugerunt,
578 1383 787 1443 castris
830 1390 967 1442 ante
1012 1382 1143 1463 ipsa
1184 1382 1547 1441 munimenta
1586 1380 1812 1462 positis.
1896 1380 1974 1439 In
2020 1381 2150 1454 bos,

262 1480 385 1559 qnia
408 1479 643 1540 veniam
666 1477 1018 1539 delictorum
1060 1478 1323 1540 oblatam
1365 1500 1403 1539 a
1444 1477 1713 1537 Gabinio
1753 1478 2148 1559 aspernaban-

263 1588 363 1646 tur,
388 1578 596 1637 iterum
622 1576 817 1637 factus
840 1576 1113 1657 impetus,
1141 1584 1226 1647 et,
1252 1574 1543 1657 plerisque
1568 1574 1757 1645 caesis,
1781 1575 1964 1634 ceteri
1989 1576 2148 1637 intra

262 1692 434 1733 muros
474 1673 773 1754 compulsi
819 1681 975 1733 sunt.
1070 1671 1217 1733 Hoc
1264 1672 1469 1754 praelio
1516 1671 1611 1731 M.
1661 1670 1918 1733 Antonii
1962 1673 2148 1758 virtus

260 1770 405 1831 clara
424 1775 443 1803 ¹
485 1772 715 1841 extitit,
756 1769 1045 1852 multique
1072 1771 1346 1835 hostium
1392 1768 1575 1851 ipsius
1612 1789 1790 1830 manu
1831 1768 2144 1831 interfecti.

262 1865 321 1925 N
321 1887 383 1927 ec
418 1867 521 1927 diu
561 1876 769 1948 postea
802 1868 1021 1927 restitit
1054 1864 1427 1927 Alexander.
1512 1868 1658 1933 Quo
1698 1867 1758 1925 in
1783 1864 2147 1926 deditionem

258 1974 501 2045 accepto,
532 1964 831 2025 Gabinius
854 1963 1101 2025 castella
1128 1984 1263 2044 quoe
1296 1964 1748 2037 nominavimus,
1775 1972 1836 2023 et
1859 1972 2149 2044 praeterea

260 2059 645 2141 Hyrcanium,
692 2082 767 2121 ne
812 2082 905 2122 res
948 2061 1305 2122 novantibus
1351 2062 1616 2142 receptui
1663 2067 1877 2131 eaeent,
1923 2059 2144 2119 diruit:

258 2168 441 2219 confla
474 2160 709 2221 dirutas
744 2158 889 2221 olim
926 2160 1103 2219 urbes
1142 2158 1396 2219 restituit
1435 2157 1676 2229 multas,
1721 2156 2144 2239 Scythopolin,

258 2254 591 2329 Samariam,
619 2256 1069 2329 Anthedonem,
1097 2255 1389 2337 Azotum,
1416 2254 1748 2338 Raphiam,
1779 2253 1971 2327 Dora,
2001 2256 2142 2316 Ma-

258 2356 457 2424 rinum,
486 2353 907 2435 Apolloniam,
934 2352 1258 2425 Jamniam,
1284 2351 1570 2425 Gamala,
1599 2351 1860 2424 Gazam,
1895 2361 1958 2413 et
1995 2352 2145 2416 alias

258 2458 515 2529 preterea
548 2470 671 2511 non
708 2470 951 2531 paucas.
1032 2448 1073 2509 J
1076 2447 1307 2509 udoeam
1332 2447 1547 2509 deinde
1582 2450 1672 2509 ita
1698 2449 2051 2530 composuit,
2077 2459 2146 2510 ut

256 2546 471 2608 reducto
512 2545 1006 2628 Hierosolymam
1054 2544 1348 2627 Hyrcano
1392 2544 1785 2605 sacerdotium
1829 2542 2102 2605 redderet
2117 2566 2136 2614 ς

254 2654 463 2723 gentem
508 2646 835 2727 optimates
884 2652 1173 2723 regerent,
1220 2644 1485 2724 quinque
1535 2642 1925 2704 conventibus
1961 2643 2142 2723 ,insti-

256 2743 395 2802 uitis.

319 2844 409 2899 12.
448 2838 551 2899 Ob
578 2838 693 2897 bas
729 2857 823 2897 res
856 2856 995 2897 cum
1029 2836 1220 2897 missis
1256 2836 1319 2896 in
1360 2834 1591 2896 Urbem
1626 2834 1813 2895 literis
1837 2834 2136 2917 supplica·

252 2934 441 2996 tionem
482 2936 749 3017 petisset,
796 2932 1011 2994 Idibus
1056 2932 1243 2993 Maiis
1276 2932 1571 3013 frequenti
1604 2942 1813 2993 senatu
1845 2930 2139 3011 denegata
2194 2946 2304 2997 cie.
2327 2950 2392 2998 ad

252 3042 355 3093 est:
392 3033 551 3115 quod
598 3040 812 3114 praeter
849 3029 922 3091 T.
962 3029 1292 3092 Albucium
1332 3030 1631 3091 acciderat
1657 3031 1896 3093 nemini.
1981 3030 2136 3091 Eam
2161 3092 2222 3125 n·
2235 3082 2287 3128 8.

254 3128 523 3191 Gabinius
562 3129 952 3210 ignominiam
994 3126 1301 3189 Ciceronis
1342 3128 1565 3189 inimici
1605 3147 1788 3209 opera
1831 3136 2136 3209 putaretur
2193 3143 2298 3193 cic.
2311 3142 2375 3193 de

252 3231 541 3311 accepioee,
586 3227 703 3288 nisi
738 3246 850 3309 per
895 3226 1225 3287 absentiam
1266 3225 1574 3287 Ciceronis
1618 3226 1682 3287 id
1721 3234 1876 3286 esset
1913 3204 2460 3323 actum.,{'7⁰'·c⁰¹¹··

252 3326 701 3389 Publicanorum
739 3324 1144 3406 potentissima
1184 3323 1369 3384 factio
1406 3322 1723 3403 plurimum
1765 3324 1822 3383 ei
1865 3324 2132 3383 nocuisse
2176 3336 2284 3389 Cic.
2307 3337 2368 3386 ad
2390 3337 2456 3397 Q.

249 3424 473 3497 videtur,
498 3420 603 3485 cui
630 3444 693 3484 se
719 3425 781 3483 in
814 3421 1125 3504 provincia
1162 3440 1443 3503 perquam
1482 3421 1748 3502 iniquum
1789 3420 2129 3481 adversum-
2153 3400 2306 3517 532¹·
2315 3467 2376 3516 de

248 3540 347 3599 que
368 3522 737 3583 exhibuerat·
2154 3530 2452 3585 Prov.Cons.

318 3625 403 3679 13.
444 3618 611 3679 Cum
636 3614 851 3677 deinde
878 3615 999 3677 Cn.
1033 3614 1365 3695 Pompeius
1390 3613 1506 3675 Cn.
1535 3612 1608 3673 F.
1649 3613 1796 3674 Sex.
1824 3612 1915 3673 N.
1947 3610 2127 3691 Mag·
2155 3604 2264 3647 Μ·

250 3732 361 3787 nus,
400 3716 491 3777 M.
536 3716 809 3777 Licinius
844 3714 931 3775 P.
970 3712 1043 3773 F.
1086 3711 1180 3773 M.
1210 3712 1301 3773 N.
1339 3712 1611 3783 Crassus,
1650 3712 1838 3773 altero
1871 3711 2128 3789 collegio

247 3812 587 3875 comlatum
614 3811 916 3883 inissent,*
944 3818 1082 3871 ante
1107 3811 1309 3871 omnia
1324 3820 1654 3871 ceterorum
1679 3810 2127 3890 magistratuum

246 3912 461 3972 comitia
480 3932 643 3971 curae
668 3910 1037 3970 habuerunt:
1082 3908 1319 3969 intentis
1360 3908 1421 3968 in
1463 3905 1577 3969 hoc
1602 3907 1836 3979 animis,
1865 3925 1938 3965 ne
1962 3905 2124 3986 quis-

248 4026 425 4085 quam,
450 4009 563 4069 nisi
585 4008 695 4089 qui
720 4007 799 4068 de
824 4006 1083 4067 factione
1110 4005 1349 4065 illorum
1374 4014 1550 4075 esset,
1576 4012 1890 4065 crearetur.
1953 4002 2122 4063 Prae-

630 4140 659 4187 1
698 4136 815 4186 Vox
848 4136 981 4185 clara
999 4132 1151 4185 abest
1174 4132 1243 4183 ab
1266 4132 1387 4185 edd.
1409 4142 1531 4183 ante
1555 4133 1710 4184 Crev.

1150 4252 1353 4275 'ecoe-00

808 4332 837 4363 ⁸
874 4330 937 4383 A.
966 4332 1031 4384 U.
1053 4334 1249 4385 c-nw.
1286 4331 1536 4383 ahc-65.

2161 3010 2227 3070 Q.
2247 3012 2400 3064 Fran.
2524 3057 2531 3062 .
