3300 5234
815 575 994 644 4980
1143 624 1150 631 .
1772 588 1843 635 τ.
1894 585 2084 637 mvn

850 740 961 795 cic.
976 742 1106 793 Phil.
1142 726 1318 791 fellit.
1401 726 1689 811 Namque
1714 730 2073 812 Pompeium
2105 738 2170 789 et
2212 727 2491 789 Crassum
2524 724 2899 787 aemulatione
2926 744 3043 805 po-

815 822 884 921 ἰξι·
908 813 991 861 ¹⁰·
1141 826 1344 887 tentioe
1376 827 1677 889 discordes
1714 828 1867 889 iuter
1906 848 1969 888 se
2008 836 2071 887 et
2108 826 2219 887 sibi
2256 824 2621 893 conciliavit,
2656 822 2747 881 his
2785 822 3043 901 legibus,

817 880 1033 1015 Aplpti‘m.
1143 930 1164 958 ‘
1198 930 1268 984 ut
1314 924 1586 984 omuibus
1636 923 1699 983 in
1750 925 1927 985 rebus
1975 923 2316 1001 adjumento
2368 922 2622 981 invicem
2672 927 2905 986 essent3
2962 938 3043 979 ne

816 1016 1018 1117 δέξω
1141 1018 1290 1099 quid
1345 1019 1509 1100 quod
1567 1020 1815 1081 cuilibet
1871 1020 2079 1081 borum
2136 1018 2555 1101 displicuisset,
2606 1016 2668 1075 in
2728 1013 3043 1097 republica

1141 1117 1454 1194 ageretur!

815 1229 924 1279 Ην.
943 1228 1080 1293 Epit.
1217 1216 1319 1275 ¹74.
1363 1210 1525 1273 Haec
1549 1212 1885 1273 libertatem
1901 1212 2089 1273 Urbis
2106 1209 2383 1291 deglutiit
2404 1210 2621 1291 triceps
2642 1206 3039 1287 conspiratio·

813 1294 1026 1360 Appiam.
1140 1326 1318 1387 quam
1336 1309 1575 1369 exinde
1585 1310 1753 1371 velut
1778 1308 2065 1370 infernale
2088 1316 2409 1368 monstrum
2430 1306 2725 1367 Cerbereo
2750 1304 2902 1365 rictu
2928 1302 3039 1363 ab·

1137 1402 1470 1465 sorbentem
1495 1408 1714 1478 omnia,
1743 1405 1837 1467 M.
1867 1403 2157 1466 Varronis
2179 1406 2383 1476 satira,
2420 1405 2529 1464 sub
2554 1402 2729 1464 titulo
2766 1400 3039 1461 Tricare-

1137 1498 1222 1571 ni,
1249 1502 1622 1582 perstrinxit:
1668 1503 1795 1584 qui,
1820 1503 1931 1563 sub
1957 1501 2019 1562 id
2039 1502 2319 1583 temporis
2344 1500 2535 1562 aedilis
2556 1518 2693 1561 cum
2721 1497 2797 1558 C.
2827 1498 3037 1557 Mure·

845 1587 978 1637 Plin.
1137 1612 1238 1668 na,
1265 1595 1695 1659 Lacedaemone
1718 1600 1981 1661 excisum
2006 1598 2279 1661 lateritiis
2300 1598 2621 1679 parietibus
2656 1614 2807 1675 opus
2846 1602 3041 1655 tecto·

813 1655 1080 1705 xxxmu.
1135 1689 1310 1764 rium,
1337 1704 1577 1778 propter
1611 1696 2031 1758 excellentiam
2070 1697 2335 1777 pictura,
2375 1694 2577 1755 formis
2614 1692 2927 1763 inclusum,
2952 1690 3036 1751 ad

1136 1785 1464 1853 Comitium
1505 1794 1912 1855 exornandum
1952 1788 2306 1875 deportarit.
2389 1791 2572 1860 Quod
2624 1810 2771 1871 opus
2820 1808 2927 1869 per
2970 1808 3037 1849 se

1135 1888 1346 1949 mirum
1380 1890 1751 1963 hominibus3
1786 1893 1899 1954 sed
1940 1894 2127 1973 magis
2149 1882 2522 1952 admirdtioni
2560 1888 2696 1959 fuit,
2732 1886 3035 1947 transferri

1213 1985 1412 2049 tuisse.
2384 1997 2393 2011 “
2874 2030 2883 2037 -

810 2078 1110 2160 vellana.
1133 2005 1316 2147 ΡοΊῧ.
1358 2082 1638 2145 Ceterum
1664 2091 1783 2146 tres
1818 2083 1911 2146 illi
1953 2086 2245 2167 principes
2276 2086 2395 2149 suis
2418 2084 2671 2164 quisque
2708 2080 2900 2141 causis
2932 2102 3031 2142 so-

1131 2178 1410 2241 cietatem
1433 2181 1723 2242 inierant:
1767 2181 2117 2264 Pompeius,
2145 2192 2213 2243 ut
2233 2183 2473 2243 tandem
2499 2188 2638 2241 acta
2670 2199 2777 2239 sua
2812 2174 3031 2239 confir-

1131 2284 1458 2339 merentur.
1503 2276 1709 2337 Caesar
1731 2276 1989 2338 nondum
2015 2278 2278 2341 adultum
2303 2278 2479 2339 robur
2500 2276 2866 2338 committere
2890 2292 3031 2334 eum

806 2375 924 2427 Dio.
971 2378 1108 2435 Plut.
1129 2370 1260 2431 viro
1285 2374 1466 2433 tantis
1489 2372 1790 2435 radicibus
1806 2375 1864 2411 ²·
1857 2375 2245 2435 immaturum
2271 2384 2453 2445 ratus,
2480 2373 2662 2455 ipsius
2696 2370 2859 2431 illius
2895 2371 3029 2450 opi-

805 2441 1058 2560 gfflpete‘
1130 2468 1242 2528 bus
1278 2478 1348 2530 ut
1383 2490 1448 2530 se
1483 2472 1735 2531 muniret
1772 2472 2149 2545 abutebatur,
2173 2474 2335 2546 omni
2374 2472 2609 2532 interim
2634 2468 2725 2529 illi
2748 2467 3033 2547 delegata

805 2570 964 2624 Cras.
1130 2565 1395 2628 invidia:
1439 2568 1611 2629 simul
1640 2568 1839 2631 Crassi
1865 2571 2157 2631 retinebat
2192 2569 2410 2641 studia,
2452 2568 2709 2651 graviter
2746 2565 3026 2626 adversa-

1127 2664 1268 2736 turi,
1313 2664 1362 2724 si
1408 2664 1767 2748 Pompeium
1810 2668 1924 2727 sibi
1968 2658 2365 2749 antepositum
2406 2686 2445 2726 a
2484 2666 2723 2726 Caesare
2760 2662 3026 2724 vidisset.

805 2782 936 2836 vd..
1129 2757 1225 2819 Μ.
1253 2758 1502 2821 Crassus
1535 2762 1785 2843 cupidus
1822 2763 1994 2843 primi
2032 2763 2176 2835 loci,
2211 2764 2315 2825 sed
2356 2761 2664 2823 retinendo
2702 2762 2917 2841 impar,
2942 2756 3026 2817 ad

1126 2874 1252 2914 rem
1275 2858 1564 2937 pertinere
1589 2858 1892 2931 credebat,
1912 2861 1962 2919 si
1986 2859 2232 2921 duorum
2253 2859 2779 2942 potentissimorum
2798 2855 3025 2917 viribus

732 2945 737 2951 ”
803 2960 921 3017 Dio.
1123 2949 1470 3024 fulciretur-3
1527 2956 1923 3038 sperabatque
1977 2948 2232 3019 Caesaris
2280 2966 2641 3019 crescentem
2693 2952 3023 3037 potentiam

1121 3067 1260 3109 cum
1285 3059 1517 3111 matura
1541 3051 1825 3134 Pompeii
1848 3056 2199 3117 auctoritate
2224 3056 2313 3115 ite
2333 3054 2793 3123 commissurum,
2816 3058 2905 3121 ut,
2928 3048 3027 3109 his

1123 3154 1327 3207 mutuo
1367 3166 1432 3207 se
1475 3150 1883 3224 atter-entibus,
1908 3153 2160 3230 majores
2198 3153 2322 3235 ipse
2361 3171 2507 3234 opes
2545 3156 3021 3230 consequeretur.

1123 3238 1293 3323 Nam
1319 3242 1438 3304 buc
1473 3246 1673 3305 omnia
1688 3266 1803 3307 sua
1826 3248 2075 3333 consilia
2098 3248 2242 3310 olim
2278 3249 2602 3319 retulerat:
2646 3264 2837 3327 neque
2860 3244 3021 3325 opti·

1119 3339 1378 3401 mutibus
1399 3360 1633 3422 prorsus
1669 3342 1966 3418 addictus,
1994 3366 2185 3427 neque
2209 3347 2468 3408 vicissim
2492 3347 2579 3405 ita
2601 3342 2924 3425 popularis,
2949 3349 3021 3401 ut

1117 3435 1340 3496 oblitus
1375 3438 1556 3499 curiae
1591 3440 1912 3502 videretur.
2009 3443 2272 3505 Tantum
2310 3444 2425 3505 hoc
2462 3442 2699 3522 agebat,
2740 3450 2809 3501 ut
2846 3438 3019 3521 quic-

1119 3530 1264 3611 quid
1288 3534 1584 3598 utrislibet
1605 3546 1833 3617 gratum
1858 3540 2192 3614 accidisset,
2218 3540 2281 3601 id
2304 3562 2367 3603 se
2394 3549 2668 3610 auctore·
2711 3556 2845 3620 quae
2866 3556 3017 3651 con-

1118 3636 1212 3689 tra
1237 3639 1452 3703 essent,
1477 3633 1665 3695 invito
1692 3644 1799 3695 eut
1820 3636 2023 3715 ignaro
2048 3636 2213 3699 facta
2234 3646 2625 3699 censerentur.

1199 3732 1300 3790 76.
1342 3728 1540 3809 Atqui
1571 3730 1932 3812 reliquorum
1966 3732 2147 3795 etiam
2176 3737 2503 3818 principum
2528 3753 2701 3795 nemo
2724 3733 3015 3793 sincerum

1119 3820 1196 3881 ad
1221 3824 1649 3905 rempublicam
1688 3828 1971 3902 studium,
1998 3831 2178 3893 nullis
2202 3832 2482 3893 admixtis
2506 3830 2844 3893 ambitionis
2866 3848 3015 3888 ave-

1117 3916 1338 3979 ritiaeve
1377 3920 1667 3995 sordibus,
1715 3926 2032 3999 afferebam
2078 3949 2195 3989 uno
2238 3938 2491 4010 excepto
2537 3927 2793 3998 Catone,
2837 3925 3017 4002 cujus

1114 4015 1341 4077 invicta
1363 4014 1442 4077 ad
1465 4028 1797 4083 extremum
1818 4027 2168 4099 constantia,
2195 4046 2535 4108 quenquam
2560 4025 2785 4087 nudata
2810 4022 3015 4106 praesi·

1113 4109 1229 4169 diis
1275 4112 1567 4187 omnibus,
1613 4117 1675 4178 in
1718 4120 1938 4181 tuenda
1987 4123 2295 4203 republica
2347 4126 2617 4207 perstitit.
2702 4123 3010 4199 Ceterum,

1111 4226 1233 4288 quo
1257 4211 1513 4287 majores
1549 4216 1881 4296 acquireret
1904 4218 2058 4281 vires
2092 4221 2317 4285 tardius
2342 4224 2748 4287 animadversa
2770 4226 3007 4307 conspi-

1173 4369 1199 4405 ¹¹
1235 4372 1355 4424 cum
1380 4374 1484 4425 viro
1509 4380 1659 4429 mein
1680 4384 1945 4450 radicibus]
1980 4386 2201 4440 Videtur
2224 4390 2481 4443 excidisse
2516 4406 2615 4445 vox
2646 4392 2778 4457 nixo,
2798 4392 2879 4443 vel
2903 4394 3009 4446 sliu

1110 4434 1278 4502 aliqua
1301 4440 1498 4494 similis.
1533 4445 1675 4496 Creo.
