<?xml version="1.0" encoding="UTF-8"?>
<!DOCTYPE html PUBLIC "-//W3C//DTD XHTML 1.0 Transitional//EN"
    "http://www.w3.org/TR/xhtml1/DTD/xhtml1-transitional.dtd">
<html xmlns="http://www.w3.org/1999/xhtml" xml:lang="en" lang="en">
 <head>
  <title>
</title>
<meta http-equiv="Content-Type" content="text/html;charset=utf-8" />
  <meta name='ocr-system' content='tesseract 3.04.00' />
  <meta name='ocr-capabilities' content='ocr_page ocr_carea ocr_par ocr_line ocrx_word'/>
</head>
<body>
  <div class='ocr_page' id='page_1' title='image "./tliviipatavinih35unkngoog/tliviipatavinih35unkngoog_0021.png"; bbox 0 0 3300 5234; ppageno 0'>
   <div class='ocr_carea' id='block_1_1' title="bbox 804 573 2470 649">
    <p class='ocr_par' dir='ltr' id='par_1_1' title="bbox 804 573 2470 649">
     <span class='ocr_line' id='line_1_1' title="bbox 804 573 2470 649; baseline -0.004 -3"><span class='ocrx_word' id='word_1_1' title='bbox 804 597 1015 646; x_wconf 73' lang='lat' dir='ltr'><strong>muni</strong></span> <span class='ocrx_word' id='word_1_2' title='bbox 1063 596 1224 649; x_wconf 81' lang='lat'><strong>0111.</strong></span> <span class='ocrx_word' id='word_1_3' title='bbox 1268 593 1921 647; x_wconf 69' lang='lat' dir='ltr'><strong>sarnanum-un.</strong></span> <span class='ocrx_word' id='word_1_4' title='bbox 2293 573 2470 640; x_wconf 86' lang='grc'><strong>4963</strong></span> 
     </span>
    </p>
   </div>
   <div class='ocr_carea' id='block_1_2' title="bbox 224 738 2468 1693">
    <p class='ocr_par' dir='ltr' id='par_1_2' title="bbox 236 738 2138 822">
     <span class='ocr_line' id='line_1_2' title="bbox 236 738 2138 822; baseline -0.003 -19"><span class='ocrx_word' id='word_1_5' title='bbox 236 763 331 804; x_wconf 81' lang='lat' dir='ltr'><strong>sus</strong></span> <span class='ocrx_word' id='word_1_6' title='bbox 348 761 485 803; x_wconf 89' lang='lat' dir='ltr'><strong>cum</strong></span> <span class='ocrx_word' id='word_1_7' title='bbox 515 741 719 802; x_wconf 84' lang='lat' dir='ltr'><strong>liberis</strong></span> <span class='ocrx_word' id='word_1_8' title='bbox 744 749 807 800; x_wconf 87' lang='lat' dir='ltr'><strong>et</strong></span> <span class='ocrx_word' id='word_1_9' title='bbox 830 741 1117 822; x_wconf 85' lang='lat' dir='ltr'><strong>pecuniis,</strong></span> <span class='ocrx_word' id='word_1_10' title='bbox 1144 741 1313 802; x_wconf 83' lang='lat' dir='ltr'><strong>velut</strong></span> <span class='ocrx_word' id='word_1_11' title='bbox 1335 739 1455 801; x_wconf 83' lang='lat' dir='ltr'><strong>vim</strong></span> <span class='ocrx_word' id='word_1_12' title='bbox 1482 738 1762 821; x_wconf 87' lang='lat' dir='ltr'><strong>Pompeii</strong></span> <span class='ocrx_word' id='word_1_13' title='bbox 1795 739 2032 810; x_wconf 84' lang='lat' dir='ltr'><strong>timens,</strong></span> <span class='ocrx_word' id='word_1_14' title='bbox 2061 757 2138 798; x_wconf 84' lang='lat' dir='ltr'><strong>ex</strong></span> 
     </span>
    </p>

    <p class='ocr_par' dir='ltr' id='par_1_3' title="bbox 224 831 2468 1306">
     <span class='ocr_line' id='line_1_3' title="bbox 242 831 2468 921; baseline -0.003 -21"><span class='ocrx_word' id='word_1_15' title='bbox 242 841 407 901; x_wconf 82' lang='lat' dir='ltr'><strong>Urbe</strong></span> <span class='ocrx_word' id='word_1_16' title='bbox 444 839 821 921; x_wconf 73' lang='lat' dir='ltr'><strong>profugerat:</strong></span> <span class='ocrx_word' id='word_1_17' title='bbox 870 847 933 898; x_wconf 87' lang='lat' dir='ltr'><strong>et</strong></span> <span class='ocrx_word' id='word_1_18' title='bbox 970 837 1129 899; x_wconf 85' lang='lat' dir='ltr'><strong>Cato</strong></span> <span class='ocrx_word' id='word_1_19' title='bbox 1162 831 1621 918; x_wconf 72' lang='lat' dir='ltr'><strong>haudquaquam</strong></span> <span class='ocrx_word' id='word_1_20' title='bbox 1648 836 2011 917; x_wconf 87' lang='lat' dir='ltr'><strong>spernendus</strong></span> <span class='ocrx_word' id='word_1_21' title='bbox 2034 833 2140 894; x_wconf 85' lang='lat' dir='ltr'><strong>ad-</strong></span> <span class='ocrx_word' id='word_1_22' title='bbox 2195 851 2326 902; x_wconf 68' lang='grc' dir='ltr'><strong>Ριῃι,</strong></span> <span class='ocrx_word' id='word_1_23' title='bbox 2347 850 2468 901; x_wconf 68' lang='lat' dir='ltr'><strong>Luc.</strong></span> 
     </span>
     <span class='ocr_line' id='line_1_4' title="bbox 234 916 2350 1017; baseline -0.003 -19"><span class='ocrx_word' id='word_1_24' title='bbox 234 938 545 1008; x_wconf 68' lang='lat' dir='ltr'><strong>versat-ius,</strong></span> <span class='ocrx_word' id='word_1_25' title='bbox 572 945 697 996; x_wconf 83' lang='lat' dir='ltr'><strong>tum</strong></span> <span class='ocrx_word' id='word_1_26' title='bbox 734 935 888 995; x_wconf 86' lang='lat' dir='ltr'><strong>alios</strong></span> <span class='ocrx_word' id='word_1_27' title='bbox 920 935 1233 1017; x_wconf 87' lang='lat' dir='ltr'><strong>principes,</strong></span> <span class='ocrx_word' id='word_1_28' title='bbox 1260 943 1386 995; x_wconf 87' lang='lat' dir='ltr'><strong>tum</strong></span> <span class='ocrx_word' id='word_1_29' title='bbox 1410 935 1670 994; x_wconf 85' lang='lat' dir='ltr'><strong>maxime</strong></span> <span class='ocrx_word' id='word_1_30' title='bbox 1700 931 2036 1002; x_wconf 86' lang='lat' dir='ltr'><strong>Lucullum,</strong></span> <span class='ocrx_word' id='word_1_31' title='bbox 2063 929 2142 992; x_wconf 81' lang='lat' dir='ltr'><strong>ad</strong></span> <span class='ocrx_word' id='word_1_32' title='bbox 2166 925 2218 966; x_wconf 58' lang='lat' dir='ltr'><strong>‘t</strong></span> <span class='ocrx_word' id='word_1_33' title='bbox 2237 916 2350 967; x_wconf 67' lang='lat' dir='ltr'><strong>Cat.</strong></span> 
     </span>
     <span class='ocr_line' id='line_1_5' title="bbox 232 1030 2332 1114; baseline -0.003 -20"><span class='ocrx_word' id='word_1_34' title='bbox 232 1033 619 1094; x_wconf 78' lang='lat' dir='ltr'><strong>resistendum</strong></span> <span class='ocrx_word' id='word_1_35' title='bbox 645 1033 943 1114; x_wconf 84' lang='lat' dir='ltr'><strong>Pompeio</strong></span> <span class='ocrx_word' id='word_1_36' title='bbox 968 1032 1297 1093; x_wconf 87' lang='lat' dir='ltr'><strong>excitabat.</strong></span> <span class='ocrx_word' id='word_1_37' title='bbox 1384 1031 1608 1091; x_wconf 86' lang='lat' dir='ltr'><strong>Ferunt</strong></span> <span class='ocrx_word' id='word_1_38' title='bbox 1634 1030 1888 1090; x_wconf 82' lang='lat' dir='ltr'><strong>Catonis</strong></span> <span class='ocrx_word' id='word_1_39' title='bbox 1916 1037 2142 1088; x_wconf 87' lang='lat' dir='ltr'><strong>tantam</strong></span> <span class='ocrx_word' id='word_1_40' title='bbox 2199 1046 2332 1098; x_wconf 82' lang='lat' dir='ltr'><strong>Plut.</strong></span> 
     </span>
     <span class='ocr_line' id='line_1_6' title="bbox 224 1111 2414 1226; baseline -0.003 -35"><span class='ocrx_word' id='word_1_41' title='bbox 224 1133 355 1210; x_wconf 76' lang='lat' dir='ltr'><strong>jam</strong></span> <span class='ocrx_word' id='word_1_42' title='bbox 388 1139 519 1191; x_wconf 87' lang='lat' dir='ltr'><strong>tum</strong></span> <span class='ocrx_word' id='word_1_43' title='bbox 554 1130 733 1190; x_wconf 86' lang='lat' dir='ltr'><strong>fuisse</strong></span> <span class='ocrx_word' id='word_1_44' title='bbox 770 1129 1051 1210; x_wconf 87' lang='lat' dir='ltr'><strong>Pompeii</strong></span> <span class='ocrx_word' id='word_1_45' title='bbox 1086 1129 1474 1190; x_wconf 71' lang='lat' dir='ltr'><strong>aestimatione</strong></span> <span class='ocrx_word' id='word_1_46' title='bbox 1510 1129 1946 1200; x_wconf 84' lang='lat' dir='ltr'><strong>auctoritatem,</strong></span> <span class='ocrx_word' id='word_1_47' title='bbox 1973 1135 2042 1186; x_wconf 87' lang='lat' dir='ltr'><strong>ut</strong></span> <span class='ocrx_word' id='word_1_48' title='bbox 2064 1125 2143 1186; x_wconf 85' lang='lat' dir='ltr'><strong>ad</strong></span> <span class='ocrx_word' id='word_1_49' title='bbox 2168 1111 2341 1226; x_wconf 49' lang='lat' dir='ltr'><strong>g‘gael’·</strong></span> <span class='ocrx_word' id='word_1_50' title='bbox 2361 1117 2414 1158; x_wconf 56' lang='grc' dir='ltr'><strong>θ*</strong></span> 
     </span>
     <span class='ocr_line' id='line_1_7' title="bbox 232 1215 2146 1306; baseline -0.002 -20"><span class='ocrx_word' id='word_1_51' title='bbox 232 1227 389 1288; x_wconf 83' lang='lat' dir='ltr'><strong>hunc</strong></span> <span class='ocrx_word' id='word_1_52' title='bbox 428 1225 895 1298; x_wconf 87' lang='lat' dir='ltr'><strong>conciliandum,</strong></span> <span class='ocrx_word' id='word_1_53' title='bbox 922 1227 1035 1286; x_wconf 81' lang='lat' dir='ltr'><strong>sibi</strong></span> <span class='ocrx_word' id='word_1_54' title='bbox 1064 1225 1305 1306; x_wconf 70' lang='lat' dir='ltr'><strong>filioque</strong></span> <span class='ocrx_word' id='word_1_55' title='bbox 1331 1225 1483 1285; x_wconf 85' lang='lat' dir='ltr'><strong>duas</strong></span> <span class='ocrx_word' id='word_1_56' title='bbox 1514 1215 1764 1285; x_wconf 82' lang='lat' dir='ltr'><strong>Catonis</strong></span> <span class='ocrx_word' id='word_1_57' title='bbox 1787 1223 2146 1304; x_wconf 84' lang='lat' dir='ltr'><strong>propinquas</strong></span> 
     </span>
    </p>

    <p class='ocr_par' dir='ltr' id='par_1_4' title="bbox 234 1320 2144 1500">
     <span class='ocr_line' id='line_1_8' title="bbox 234 1320 2144 1406; baseline -0.002 -24"><span class='ocrx_word' id='word_1_58' title='bbox 234 1324 295 1382; x_wconf 88' lang='lat' dir='ltr'><strong>in</strong></span> <span class='ocrx_word' id='word_1_59' title='bbox 322 1324 767 1384; x_wconf 81' lang='lat' dir='ltr'><strong>matrimonium</strong></span> <span class='ocrx_word' id='word_1_60' title='bbox 793 1332 1057 1406; x_wconf 85' lang='lat' dir='ltr'><strong>peteret:</strong></span> <span class='ocrx_word' id='word_1_61' title='bbox 1101 1321 1561 1405; x_wconf 75' lang='lat' dir='ltr'><strong>repudiatusque</strong></span> <span class='ocrx_word' id='word_1_62' title='bbox 1587 1341 1625 1380; x_wconf 88' lang='lat' dir='ltr'><strong>a</strong></span> <span class='ocrx_word' id='word_1_63' title='bbox 1650 1320 1885 1382; x_wconf 76' lang='lat' dir='ltr'><strong>Catone</strong></span> <span class='ocrx_word' id='word_1_64' title='bbox 1909 1328 2022 1390; x_wconf 84' lang='lat' dir='ltr'><strong>est,</strong></span> <span class='ocrx_word' id='word_1_65' title='bbox 2041 1320 2144 1400; x_wconf 90' lang='lat' dir='ltr'><strong>qui</strong></span> 
     </span>
     <span class='ocr_line' id='line_1_9' title="bbox 234 1416 2144 1500; baseline -0.003 -20"><span class='ocrx_word' id='word_1_66' title='bbox 234 1420 533 1500; x_wconf 81' lang='lat' dir='ltr'><strong>parasium</strong></span> <span class='ocrx_word' id='word_1_67' title='bbox 558 1418 689 1499; x_wconf 88' lang='lat' dir='ltr'><strong>ejus</strong></span> <span class='ocrx_word' id='word_1_68' title='bbox 716 1419 1053 1481; x_wconf 75' lang='lat' dir='ltr'><strong>Munatium</strong></span> <span class='ocrx_word' id='word_1_69' title='bbox 1078 1421 1353 1480; x_wconf 88' lang='lat' dir='ltr'><strong>nuntiare</strong></span> <span class='ocrx_word' id='word_1_70' title='bbox 1385 1417 1686 1499; x_wconf 86' lang='lat' dir='ltr'><strong>Pompeio</strong></span> <span class='ocrx_word' id='word_1_71' title='bbox 1714 1417 1929 1497; x_wconf 73' lang='lat' dir='ltr'><strong>jussit:</strong></span> <span class='ocrx_word' id='word_1_72' title='bbox 1977 1425 1994 1452; x_wconf 90' lang='lat'>‘</span> <span class='ocrx_word' id='word_1_73' title='bbox 2021 1416 2144 1476; x_wconf 87' lang='lat' dir='ltr'><strong>Ca-</strong></span> 
     </span>
    </p>

    <p class='ocr_par' dir='ltr' id='par_1_5' title="bbox 232 1514 2144 1598">
     <span class='ocr_line' id='line_1_10' title="bbox 232 1514 2144 1598; baseline -0.002 -23"><span class='ocrx_word' id='word_1_74' title='bbox 232 1525 435 1576; x_wconf 87' lang='lat' dir='ltr'><strong>tonem</strong></span> <span class='ocrx_word' id='word_1_75' title='bbox 471 1537 579 1597; x_wconf 90' lang='lat' dir='ltr'><strong>per</strong></span> <span class='ocrx_word' id='word_1_76' title='bbox 609 1516 879 1577; x_wconf 84' lang='lat' dir='ltr'><strong>foeminas</strong></span> <span class='ocrx_word' id='word_1_77' title='bbox 904 1516 1041 1598; x_wconf 87' lang='lat' dir='ltr'><strong>capi</strong></span> <span class='ocrx_word' id='word_1_78' title='bbox 1068 1536 1185 1576; x_wconf 88' lang='lat' dir='ltr'><strong>non</strong></span> <span class='ocrx_word' id='word_1_79' title='bbox 1210 1535 1417 1596; x_wconf 85' lang='lat' dir='ltr'><strong>posse:</strong></span> <span class='ocrx_word' id='word_1_80' title='bbox 1458 1521 1723 1575; x_wconf 83' lang='lat' dir='ltr'><strong>ceterum</strong></span> <span class='ocrx_word' id='word_1_81' title='bbox 1749 1522 1908 1574; x_wconf 86' lang='lat' dir='ltr'><strong>recte</strong></span> <span class='ocrx_word' id='word_1_82' title='bbox 1946 1514 2144 1592; x_wconf 79' lang='lat' dir='ltr'><strong>agenti</strong></span> 
     </span>
    </p>

    <p class='ocr_par' dir='ltr' id='par_1_6' title="bbox 234 1612 1313 1693">
     <span class='ocr_line' id='line_1_11' title="bbox 234 1612 1313 1693; baseline 0 -21"><span class='ocrx_word' id='word_1_83' title='bbox 234 1613 391 1673; x_wconf 84' lang='lat' dir='ltr'><strong>ultm</strong></span> <span class='ocrx_word' id='word_1_84' title='bbox 414 1614 675 1674; x_wconf 84' lang='lat' dir='ltr'><strong>amicum</strong></span> <span class='ocrx_word' id='word_1_85' title='bbox 700 1624 766 1673; x_wconf 86' lang='lat' dir='ltr'><strong>et</strong></span> <span class='ocrx_word' id='word_1_86' title='bbox 789 1613 1120 1693; x_wconf 83' lang='lat' dir='ltr'><strong>adjutorem</strong></span> <span class='ocrx_word' id='word_1_87' title='bbox 1146 1612 1313 1673; x_wconf 63' lang='lat' dir='ltr'><strong>fore!</strong></span> 
     </span>
    </p>
   </div>
   <div class='ocr_carea' id='block_1_3' title="bbox 310 1667 2606 1791">
    <p class='ocr_par' dir='ltr' id='par_1_7' title="bbox 310 1667 2606 1791">
     <span class='ocr_line' id='line_1_12' title="bbox 310 1667 2606 1791; baseline 0.002 -21"><span class='ocrx_word' id='word_1_88' title='bbox 310 1717 417 1771; x_wconf 81' lang='lat'><strong>28.</strong></span> <span class='ocrx_word' id='word_1_89' title='bbox 462 1709 589 1770; x_wconf 91' lang='lat' dir='ltr'><strong>Sed</strong></span> <span class='ocrx_word' id='word_1_90' title='bbox 614 1712 769 1771; x_wconf 83' lang='lat' dir='ltr'><strong>hanc</strong></span> <span class='ocrx_word' id='word_1_91' title='bbox 792 1710 1203 1790; x_wconf 77' lang='lat' dir='ltr'><strong>undecumque</strong></span> <span class='ocrx_word' id='word_1_92' title='bbox 1228 1707 1553 1791; x_wconf 81' lang='lat' dir='ltr'><strong>profectam</strong></span> <span class='ocrx_word' id='word_1_93' title='bbox 1594 1706 1876 1788; x_wconf 87' lang='lat' dir='ltr'><strong>Pompeii</strong></span> <span class='ocrx_word' id='word_1_94' title='bbox 1913 1705 2146 1767; x_wconf 85' lang='lat' dir='ltr'><strong>modes·</strong></span> <span class='ocrx_word' id='word_1_95' title='bbox 2169 1667 2476 1786; x_wconf 58' lang='lat' dir='ltr'><strong>Pluermp.</strong></span> <span class='ocrx_word' id='word_1_96' title='bbox 2597 1717 2606 1727; x_wconf 82' lang='grc'><em>“</em></span> 
     </span>
    </p>
   </div>
   <div class='ocr_carea' id='block_1_4' title="bbox 226 1805 2457 3934">
    <p class='ocr_par' dir='ltr' id='par_1_8' title="bbox 228 1805 2306 2181">
     <span class='ocr_line' id='line_1_13' title="bbox 234 1805 2306 1886; baseline 0.002 -20"><span class='ocrx_word' id='word_1_97' title='bbox 234 1808 381 1867; x_wconf 86' lang='lat' dir='ltr'><strong>tiam</strong></span> <span class='ocrx_word' id='word_1_98' title='bbox 428 1817 631 1868; x_wconf 71' lang='lat' dir='ltr'><strong>tantm</strong></span> <span class='ocrx_word' id='word_1_99' title='bbox 674 1807 979 1868; x_wconf 84' lang='lat' dir='ltr'><strong>hominum</strong></span> <span class='ocrx_word' id='word_1_100' title='bbox 1021 1805 1190 1867; x_wconf 76' lang='lat' dir='ltr'><strong>favor</strong></span> <span class='ocrx_word' id='word_1_101' title='bbox 1232 1805 1497 1886; x_wconf 82' lang='lat' dir='ltr'><strong>excepit,</strong></span> <span class='ocrx_word' id='word_1_102' title='bbox 1540 1813 1609 1864; x_wconf 88' lang='lat' dir='ltr'><strong>ut</strong></span> <span class='ocrx_word' id='word_1_103' title='bbox 1655 1823 1792 1864; x_wconf 86' lang='lat' dir='ltr'><strong>cum</strong></span> <span class='ocrx_word' id='word_1_104' title='bbox 1839 1805 2044 1885; x_wconf 85' lang='lat' dir='ltr'><strong>paucis</strong></span> <span class='ocrx_word' id='word_1_105' title='bbox 2083 1812 2147 1864; x_wconf 89' lang='lat' dir='ltr'><strong>et</strong></span> <span class='ocrx_word' id='word_1_106' title='bbox 2172 1819 2306 1870; x_wconf 77' lang='lat' dir='ltr'><strong>vell.</strong></span> 
     </span>
     <span class='ocr_line' id='line_1_14' title="bbox 230 1899 2302 1984; baseline -0.001 -22"><span class='ocrx_word' id='word_1_107' title='bbox 230 1903 581 1976; x_wconf 76' lang='lat' dir='ltr'><strong>inermibus,</strong></span> <span class='ocrx_word' id='word_1_108' title='bbox 624 1913 911 1984; x_wconf 79' lang='lat' dir='ltr'><strong>tunquam</strong></span> <span class='ocrx_word' id='word_1_109' title='bbox 948 1923 1027 1964; x_wconf 88' lang='lat' dir='ltr'><strong>ex</strong></span> <span class='ocrx_word' id='word_1_110' title='bbox 1065 1902 1337 1984; x_wconf 88' lang='lat' dir='ltr'><strong>qualibet</strong></span> <span class='ocrx_word' id='word_1_111' title='bbox 1374 1901 1866 1982; x_wconf 81' lang='lat' dir='ltr'><strong>peregrinatione,</strong></span> <span class='ocrx_word' id='word_1_112' title='bbox 1895 1899 2144 1960; x_wconf 84' lang='lat' dir='ltr'><strong>redeun-</strong></span> <span class='ocrx_word' id='word_1_113' title='bbox 2169 1916 2302 1968; x_wconf 74' lang='lat' dir='ltr'><strong>Plut.</strong></span> 
     </span>
     <span class='ocr_line' id='line_1_15' title="bbox 228 1998 2146 2083; baseline -0.001 -22"><span class='ocrx_word' id='word_1_114' title='bbox 228 2011 374 2072; x_wconf 80' lang='lat' dir='ltr'><strong>tem,</strong></span> <span class='ocrx_word' id='word_1_115' title='bbox 432 2011 753 2081; x_wconf 75' lang='lat' dir='ltr'><strong>aggregata</strong></span> <span class='ocrx_word' id='word_1_116' title='bbox 804 2022 907 2083; x_wconf 86' lang='lat' dir='ltr'><strong>per</strong></span> <span class='ocrx_word' id='word_1_117' title='bbox 955 2002 1116 2063; x_wconf 81' lang='lat' dir='ltr'><strong>viam</strong></span> <span class='ocrx_word' id='word_1_118' title='bbox 1168 2003 1429 2060; x_wconf 75' lang='lat' dir='ltr'><strong>maxima</strong></span> <span class='ocrx_word' id='word_1_119' title='bbox 1478 2001 1779 2061; x_wconf 86' lang='lat' dir='ltr'><strong>hominum</strong></span> <span class='ocrx_word' id='word_1_120' title='bbox 1827 1998 2146 2060; x_wconf 88' lang='lat' dir='ltr'><strong>multitudo</strong></span> 
     </span>
     <span class='ocr_line' id='line_1_16' title="bbox 228 2097 2146 2181; baseline -0.001 -23"><span class='ocrx_word' id='word_1_121' title='bbox 228 2097 577 2170; x_wconf 86' lang='lat' dir='ltr'><strong>deduxerit,</strong></span> <span class='ocrx_word' id='word_1_122' title='bbox 602 2099 751 2158; x_wconf 84' lang='lat' dir='ltr'><strong>nihil</strong></span> <span class='ocrx_word' id='word_1_123' title='bbox 776 2119 1129 2181; x_wconf 74' lang='lat' dir='ltr'><strong>magnopere</strong></span> <span class='ocrx_word' id='word_1_124' title='bbox 1153 2098 1621 2160; x_wconf 88' lang='lat' dir='ltr'><strong>desideraturum</strong></span> <span class='ocrx_word' id='word_1_125' title='bbox 1667 2097 1944 2178; x_wconf 83' lang='lat' dir='ltr'><strong>pristinas</strong></span> <span class='ocrx_word' id='word_1_126' title='bbox 1981 2099 2146 2179; x_wconf 88' lang='lat' dir='ltr'><strong>copi·-</strong></span> 
     </span>
    </p>

    <p class='ocr_par' dir='ltr' id='par_1_9' title="bbox 231 2193 2420 2548">
     <span class='ocr_line' id='line_1_17' title="bbox 232 2193 2420 2277; baseline 0 -21"><span class='ocrx_word' id='word_1_127' title='bbox 232 2216 323 2266; x_wconf 77' lang='lat' dir='ltr'><strong>ss,</strong></span> <span class='ocrx_word' id='word_1_128' title='bbox 348 2197 403 2255; x_wconf 87' lang='lat' dir='ltr'><strong>si</strong></span> <span class='ocrx_word' id='word_1_129' title='bbox 432 2196 581 2275; x_wconf 90' lang='lat' dir='ltr'><strong>quid</strong></span> <span class='ocrx_word' id='word_1_130' title='bbox 616 2217 837 2256; x_wconf 83' lang='lat' dir='ltr'><strong>novare</strong></span> <span class='ocrx_word' id='word_1_131' title='bbox 863 2198 1139 2277; x_wconf 74' lang='lat' dir='ltr'><strong>cupisset.</strong></span> <span class='ocrx_word' id='word_1_132' title='bbox 1222 2195 1326 2255; x_wconf 86' lang='lat' dir='ltr'><strong>Ex</strong></span> <span class='ocrx_word' id='word_1_133' title='bbox 1356 2195 1525 2255; x_wconf 88' lang='lat' dir='ltr'><strong>Urbe</strong></span> <span class='ocrx_word' id='word_1_134' title='bbox 1552 2215 1790 2275; x_wconf 87' lang='lat' dir='ltr'><strong>quoque</strong></span> <span class='ocrx_word' id='word_1_135' title='bbox 1815 2193 2152 2276; x_wconf 79' lang='lat' dir='ltr'><strong>frequenter</strong></span> <span class='ocrx_word' id='word_1_136' title='bbox 2208 2207 2420 2273; x_wconf 69' lang='lat' dir='ltr'><strong>Appias.</strong></span> 
     </span>
     <span class='ocr_line' id='line_1_18' title="bbox 231 2273 2400 2373; baseline -0 -21"><span class='ocrx_word' id='word_1_137' title='bbox 231 2292 477 2353; x_wconf 79' lang='lat' dir='ltr'><strong>obviam</strong></span> <span class='ocrx_word' id='word_1_138' title='bbox 508 2293 691 2352; x_wconf 83' lang='lat' dir='ltr'><strong>itum:</strong></span> <span class='ocrx_word' id='word_1_139' title='bbox 734 2292 1069 2371; x_wconf 71' lang='lat' dir='ltr'><strong>longissime</strong></span> <span class='ocrx_word' id='word_1_140' title='bbox 1096 2313 1135 2352; x_wconf 86' lang='lat' dir='ltr'><strong>a</strong></span> <span class='ocrx_word' id='word_1_141' title='bbox 1149 2295 1499 2372; x_wconf 69' lang='lat' dir='ltr'><strong>juventuteg</strong></span> <span class='ocrx_word' id='word_1_142' title='bbox 1544 2300 1682 2373; x_wconf 81' lang='lat' dir='ltr'><strong>post</strong></span> <span class='ocrx_word' id='word_1_143' title='bbox 1703 2293 1832 2362; x_wconf 86' lang='lat' dir='ltr'><strong>hos,</strong></span> <span class='ocrx_word' id='word_1_144' title='bbox 1859 2300 1928 2351; x_wconf 88' lang='lat' dir='ltr'><strong>ut</strong></span> <span class='ocrx_word' id='word_1_145' title='bbox 1949 2293 2152 2372; x_wconf 77' lang='lat' dir='ltr'><strong>cujus-</strong></span> <span class='ocrx_word' id='word_1_146' title='bbox 2173 2273 2400 2324; x_wconf 59' lang='lat' dir='ltr'><strong>ffi‘h‘ffi·</strong></span> 
     </span>
     <span class='ocr_line' id='line_1_19' title="bbox 232 2389 2152 2472; baseline 0 -22"><span class='ocrx_word' id='word_1_147' title='bbox 232 2411 349 2470; x_wconf 88' lang='lat' dir='ltr'><strong>que</strong></span> <span class='ocrx_word' id='word_1_148' title='bbox 390 2399 543 2450; x_wconf 79' lang='lat' dir='ltr'><strong>aetas</strong></span> <span class='ocrx_word' id='word_1_149' title='bbox 578 2399 684 2450; x_wconf 87' lang='lat' dir='ltr'><strong>aut</strong></span> <span class='ocrx_word' id='word_1_150' title='bbox 717 2389 973 2469; x_wconf 75' lang='lat' dir='ltr'><strong>dignitas</strong></span> <span class='ocrx_word' id='word_1_151' title='bbox 1008 2391 1309 2460; x_wconf 74' lang='lat' dir='ltr'><strong>tulerunt:</strong></span> <span class='ocrx_word' id='word_1_152' title='bbox 1356 2390 1623 2472; x_wconf 82' lang='lat' dir='ltr'><strong>proxime</strong></span> <span class='ocrx_word' id='word_1_153' title='bbox 1659 2399 1890 2471; x_wconf 83' lang='lat' dir='ltr'><strong>portam</strong></span> <span class='ocrx_word' id='word_1_154' title='bbox 1913 2397 2152 2450; x_wconf 75' lang='lat' dir='ltr'><strong>senatus</strong></span> 
     </span>
     <span class='ocr_line' id='line_1_20' title="bbox 231 2489 515 2548; baseline 0 0"><span class='ocrx_word' id='word_1_155' title='bbox 231 2489 515 2548; x_wconf 81' lang='lat' dir='ltr'><strong>occurrit.</strong></span> 
     </span>
    </p>

    <p class='ocr_par' dir='ltr' id='par_1_10' title="bbox 230 2584 2452 3153">
     <span class='ocr_line' id='line_1_21' title="bbox 310 2584 2151 2667; baseline -0.001 -21"><span class='ocrx_word' id='word_1_156' title='bbox 310 2593 418 2646; x_wconf 80' lang='lat'><strong>29.</strong></span> <span class='ocrx_word' id='word_1_157' title='bbox 466 2584 535 2646; x_wconf 88' lang='lat' dir='ltr'>N</span> <span class='ocrx_word' id='word_1_158' title='bbox 540 2607 615 2646; x_wconf 90' lang='lat' dir='ltr'><strong>on</strong></span> <span class='ocrx_word' id='word_1_159' title='bbox 642 2593 773 2647; x_wconf 85' lang='lat' dir='ltr'><strong>erat</strong></span> <span class='ocrx_word' id='word_1_160' title='bbox 796 2586 1131 2658; x_wconf 85' lang='lat' dir='ltr'><strong>obscurum,</strong></span> <span class='ocrx_word' id='word_1_161' title='bbox 1158 2605 1594 2666; x_wconf 86' lang='lat' dir='ltr'><strong>quamcumque</strong></span> <span class='ocrx_word' id='word_1_162' title='bbox 1620 2585 1682 2645; x_wconf 89' lang='lat' dir='ltr'><strong>in</strong></span> <span class='ocrx_word' id='word_1_163' title='bbox 1708 2593 1940 2667; x_wconf 85' lang='lat' dir='ltr'><strong>partem</strong></span> <span class='ocrx_word' id='word_1_164' title='bbox 1963 2586 2056 2647; x_wconf 84' lang='lat' dir='ltr'><strong>vir</strong></span> <span class='ocrx_word' id='word_1_165' title='bbox 2077 2605 2151 2645; x_wconf 93' lang='lat' dir='ltr'><strong>eo</strong></span> 
     </span>
     <span class='ocr_line' id='line_1_22' title="bbox 230 2679 2247 2763; baseline 0 -23"><span class='ocrx_word' id='word_1_166' title='bbox 230 2683 445 2742; x_wconf 85' lang='lat' dir='ltr'><strong>robore</strong></span> <span class='ocrx_word' id='word_1_167' title='bbox 488 2682 867 2754; x_wconf 80' lang='lat' dir='ltr'><strong>inclinasset,&#39;</strong></span> <span class='ocrx_word' id='word_1_168' title='bbox 901 2693 1260 2743; x_wconf 83' lang='lat' dir='ltr'><strong>momentum</strong></span> <span class='ocrx_word' id='word_1_169' title='bbox 1312 2683 1520 2761; x_wconf 80' lang='lat' dir='ltr'><strong>ingens</strong></span> <span class='ocrx_word' id='word_1_170' title='bbox 1574 2682 1736 2742; x_wconf 81' lang='lat' dir='ltr'><strong>fore:</strong></span> <span class='ocrx_word' id='word_1_171' title='bbox 1779 2681 2004 2742; x_wconf 90' lang='lat' dir='ltr'><strong>idcirco</strong></span> <span class='ocrx_word' id='word_1_172' title='bbox 2045 2681 2150 2763; x_wconf 86' lang='lat' dir='ltr'><strong>qui</strong></span> <span class='ocrx_word' id='word_1_173' title='bbox 2231 2679 2247 2696; x_wconf 66' lang='grc'><strong>“</strong></span> 
     </span>
     <span class='ocr_line' id='line_1_23' title="bbox 232 2779 2152 2860; baseline -0.001 -21"><span class='ocrx_word' id='word_1_174' title='bbox 232 2779 523 2840; x_wconf 84' lang='lat' dir='ltr'><strong>Clodium</strong></span> <span class='ocrx_word' id='word_1_175' title='bbox 550 2780 785 2840; x_wconf 84' lang='lat' dir='ltr'><strong>salvum</strong></span> <span class='ocrx_word' id='word_1_176' title='bbox 810 2779 1115 2851; x_wconf 80' lang='lat' dir='ltr'><strong>volebant,</strong></span> <span class='ocrx_word' id='word_1_177' title='bbox 1144 2799 1260 2840; x_wconf 92' lang='lat' dir='ltr'><strong>non</strong></span> <span class='ocrx_word' id='word_1_178' title='bbox 1286 2781 1613 2840; x_wconf 87' lang='lat' dir='ltr'><strong>omiserunt</strong></span> <span class='ocrx_word' id='word_1_179' title='bbox 1636 2779 1716 2840; x_wconf 74' lang='lat' dir='ltr'><strong>sd</strong></span> <span class='ocrx_word' id='word_1_180' title='bbox 1739 2780 1898 2840; x_wconf 89' lang='lat' dir='ltr'><strong>hunc</strong></span> <span class='ocrx_word' id='word_1_181' title='bbox 1923 2799 1986 2840; x_wconf 85' lang='lat' dir='ltr'><strong>se</strong></span> <span class='ocrx_word' id='word_1_182' title='bbox 2012 2799 2152 2860; x_wconf 88' lang='lat' dir='ltr'><strong>pro·</strong></span> 
     </span>
     <span class='ocr_line' id='line_1_24' title="bbox 230 2876 2402 2958; baseline -0.002 -22"><span class='ocrx_word' id='word_1_183' title='bbox 230 2878 395 2936; x_wconf 83' lang='lat' dir='ltr'><strong>tinus</strong></span> <span class='ocrx_word' id='word_1_184' title='bbox 419 2885 785 2938; x_wconf 82' lang='lat' dir='ltr'><strong>convertere.</strong></span> <span class='ocrx_word' id='word_1_185' title='bbox 868 2877 963 2937; x_wconf 82' lang='lat' dir='ltr'><strong>M.</strong></span> <span class='ocrx_word' id='word_1_186' title='bbox 1002 2876 1155 2937; x_wconf 88' lang='lat' dir='ltr'><strong>Piso</strong></span> <span class='ocrx_word' id='word_1_187' title='bbox 1178 2876 1409 2948; x_wconf 88' lang='lat' dir='ltr'><strong>consul,</strong></span> <span class='ocrx_word' id='word_1_188' title='bbox 1436 2896 1615 2958; x_wconf 87' lang='lat' dir='ltr'><strong>quam</strong></span> <span class='ocrx_word' id='word_1_189' title='bbox 1655 2876 1780 2958; x_wconf 84' lang='lat' dir='ltr'><strong>ipse</strong></span> <span class='ocrx_word' id='word_1_190' title='bbox 1819 2876 2048 2936; x_wconf 86' lang='lat' dir='ltr'><strong>ferebat</strong></span> <span class='ocrx_word' id='word_1_191' title='bbox 2070 2894 2149 2935; x_wconf 82' lang='lat' dir='ltr'><strong>ex</strong></span> <span class='ocrx_word' id='word_1_192' title='bbox 2209 2879 2316 2930; x_wconf 81' lang='lat' dir='ltr'><strong>Cic.</strong></span> <span class='ocrx_word' id='word_1_193' title='bbox 2339 2881 2402 2928; x_wconf 72' lang='lat' dir='ltr'><strong>ad</strong></span> 
     </span>
     <span class='ocr_line' id='line_1_25' title="bbox 231 2946 2452 3055; baseline -0 -20"><span class='ocrx_word' id='word_1_194' title='bbox 231 2975 753 3037; x_wconf 71' lang='lat' dir='ltr'><strong>senatuisconsulto</strong></span> <span class='ocrx_word' id='word_1_195' title='bbox 792 2974 869 3036; x_wconf 89' lang='lat' dir='ltr'><strong>de</strong></span> <span class='ocrx_word' id='word_1_196' title='bbox 904 2975 1183 3054; x_wconf 74' lang='lat' dir='ltr'><strong>religione</strong></span> <span class='ocrx_word' id='word_1_197' title='bbox 1208 2974 1435 3036; x_wconf 73' lang='lat' dir='ltr'><strong>violate</strong></span> <span class='ocrx_word' id='word_1_198' title='bbox 1474 2976 1862 3055; x_wconf 73' lang='lat' dir='ltr'><strong>rogationem,</strong></span> <span class='ocrx_word' id='word_1_199' title='bbox 1889 2974 2154 3036; x_wconf 85' lang='lat' dir='ltr'><strong>amicitia</strong></span> <span class='ocrx_word' id='word_1_200' title='bbox 2177 2946 2283 2996; x_wconf 58' lang='lat' dir='ltr'><strong>An·</strong></span> <span class='ocrx_word' id='word_1_201' title='bbox 2307 2961 2347 2996; x_wconf 82' lang='lat'><strong>¹·</strong></span> <span class='ocrx_word' id='word_1_202' title='bbox 2371 2947 2452 2995; x_wconf 76' lang='lat'><strong>¹⁸⁰</strong></span> 
     </span>
     <span class='ocr_line' id='line_1_26' title="bbox 234 3071 2150 3153; baseline -0.001 -21"><span class='ocrx_word' id='word_1_203' title='bbox 234 3072 447 3133; x_wconf 86' lang='lat' dir='ltr'><strong>Clodii</strong></span> <span class='ocrx_word' id='word_1_204' title='bbox 474 3071 791 3144; x_wconf 85' lang='lat' dir='ltr'><strong>adductus,</strong></span> <span class='ocrx_word' id='word_1_205' title='bbox 818 3073 1188 3152; x_wconf 70' lang='lat' dir='ltr'><strong>antiquatam</strong></span> <span class='ocrx_word' id='word_1_206' title='bbox 1214 3073 1516 3153; x_wconf 86' lang='lat' dir='ltr'><strong>cupiebat.</strong></span> <span class='ocrx_word' id='word_1_207' title='bbox 1601 3072 1757 3152; x_wconf 84' lang='lat' dir='ltr'><strong>Ejus</strong></span> <span class='ocrx_word' id='word_1_208' title='bbox 1779 3071 2034 3153; x_wconf 87' lang='lat' dir='ltr'><strong>impulsu</strong></span> <span class='ocrx_word' id='word_1_209' title='bbox 2064 3071 2150 3140; x_wconf 79' lang='lat' dir='ltr'><strong>Q.</strong></span> 
     </span>
    </p>

    <p class='ocr_par' dir='ltr' id='par_1_11' title="bbox 228 3161 2455 3347">
     <span class='ocr_line' id='line_1_27' title="bbox 232 3161 2455 3250; baseline 0 -21"><span class='ocrx_word' id='word_1_210' title='bbox 232 3169 453 3231; x_wconf 83' lang='lat' dir='ltr'><strong>Fufius</strong></span> <span class='ocrx_word' id='word_1_211' title='bbox 476 3171 747 3230; x_wconf 87' lang='lat' dir='ltr'><strong>tribunus</strong></span> <span class='ocrx_word' id='word_1_212' title='bbox 770 3170 965 3250; x_wconf 84' lang='lat' dir='ltr'><strong>plebis</strong></span> <span class='ocrx_word' id='word_1_213' title='bbox 1000 3169 1359 3250; x_wconf 87' lang='lat' dir='ltr'><strong>Pompeium</strong></span> <span class='ocrx_word' id='word_1_214' title='bbox 1386 3170 1448 3228; x_wconf 91' lang='lat' dir='ltr'><strong>in</strong></span> <span class='ocrx_word' id='word_1_215' title='bbox 1472 3161 1818 3230; x_wconf 77' lang='lat' dir='ltr'><strong>concione&#39;m</strong></span> <span class='ocrx_word' id='word_1_216' title='bbox 1849 3169 2170 3250; x_wconf 86' lang='lat' dir='ltr'><strong>produxit,-</strong></span> <span class='ocrx_word' id='word_1_217' title='bbox 2374 3186 2455 3235; x_wconf 72' lang='lat'><strong>14.</strong></span> 
     </span>
     <span class='ocr_line' id='line_1_28' title="bbox 228 3257 2152 3347; baseline -0.001 -19"><span class='ocrx_word' id='word_1_218' title='bbox 228 3287 367 3328; x_wconf 88' lang='lat' dir='ltr'><strong>cum</strong></span> <span class='ocrx_word' id='word_1_219' title='bbox 397 3267 501 3326; x_wconf 87' lang='lat' dir='ltr'><strong>die</strong></span> <span class='ocrx_word' id='word_1_220' title='bbox 530 3267 921 3327; x_wconf 87' lang='lat' dir='ltr'><strong>nundinarum</strong></span> <span class='ocrx_word' id='word_1_221' title='bbox 949 3257 1010 3326; x_wconf 86' lang='lat' dir='ltr'><strong>in</strong></span> <span class='ocrx_word' id='word_1_222' title='bbox 1038 3265 1221 3326; x_wconf 86' lang='lat' dir='ltr'><strong>Circo</strong></span> <span class='ocrx_word' id='word_1_223' title='bbox 1260 3265 1558 3327; x_wconf 86' lang='lat' dir='ltr'><strong>Flaminio</strong></span> <span class='ocrx_word' id='word_1_224' title='bbox 1592 3267 1856 3327; x_wconf 81' lang='lat' dir='ltr'><strong>maxima</strong></span> <span class='ocrx_word' id='word_1_225' title='bbox 1877 3267 2152 3347; x_wconf 82' lang='lat' dir='ltr'><strong>frequen-</strong></span> 
     </span>
    </p>

    <p class='ocr_par' dir='ltr' id='par_1_12' title="bbox 232 3363 2158 3544">
     <span class='ocr_line' id='line_1_29' title="bbox 233 3363 2158 3447; baseline -0.001 -22"><span class='ocrx_word' id='word_1_226' title='bbox 233 3368 322 3425; x_wconf 84' lang='lat' dir='ltr'><strong>tia</strong></span> <span class='ocrx_word' id='word_1_227' title='bbox 364 3363 581 3447; x_wconf 87' lang='lat' dir='ltr'><strong>populi</strong></span> <span class='ocrx_word' id='word_1_228' title='bbox 620 3374 794 3436; x_wconf 63' lang='lat' dir='ltr'><strong>esset,</strong></span> <span class='ocrx_word' id='word_1_229' title='bbox 832 3365 1255 3445; x_wconf 76' lang='lat' dir='ltr'><strong>quaesivitque;</strong></span> <span class='ocrx_word' id='word_1_230' title='bbox 1302 3373 1321 3400; x_wconf 88' lang='lat'>‘</span> <span class='ocrx_word' id='word_1_231' title='bbox 1343 3363 1708 3424; x_wconf 79' lang='lat' dir='ltr'><strong>Placeretne</strong></span> <span class='ocrx_word' id='word_1_232' title='bbox 1749 3365 1806 3424; x_wconf 89' lang='lat' dir='ltr'><strong>ei</strong></span> <span class='ocrx_word' id='word_1_233' title='bbox 1837 3363 2078 3443; x_wconf 87' lang='lat' dir='ltr'><strong>judices</strong></span> <span class='ocrx_word' id='word_1_234' title='bbox 2119 3383 2158 3423; x_wconf 89' lang='lat' dir='ltr'><strong>a</strong></span> 
     </span>
     <span class='ocr_line' id='line_1_30' title="bbox 232 3461 2154 3544; baseline -0.002 -21"><span class='ocrx_word' id='word_1_235' title='bbox 232 3472 495 3544; x_wconf 84' lang='lat' dir='ltr'><strong>praetore</strong></span> <span class='ocrx_word' id='word_1_236' title='bbox 538 3461 679 3540; x_wconf 78' lang='lat' dir='ltr'><strong>leg-i,</strong></span> <span class='ocrx_word' id='word_1_237' title='bbox 706 3482 826 3542; x_wconf 90' lang='lat' dir='ltr'><strong>quo</strong></span> <span class='ocrx_word' id='word_1_238' title='bbox 863 3461 1112 3522; x_wconf 86' lang='lat' dir='ltr'><strong>consilio</strong></span> <span class='ocrx_word' id='word_1_239' title='bbox 1154 3461 1315 3522; x_wconf 87' lang='lat' dir='ltr'><strong>idem</strong></span> <span class='ocrx_word' id='word_1_240' title='bbox 1344 3470 1560 3543; x_wconf 82' lang='lat' dir='ltr'><strong>praetor</strong></span> <span class='ocrx_word' id='word_1_241' title='bbox 1588 3463 1884 3523; x_wconf 69' lang='lat' dir='ltr'><strong>uteretur-‚⁹</strong></span> <span class='ocrx_word' id='word_1_242' title='bbox 1966 3461 2154 3521; x_wconf 87' lang='lat' dir='ltr'><strong>Pom-</strong></span> 
     </span>
    </p>

    <p class='ocr_par' dir='ltr' id='par_1_13' title="bbox 232 3559 2156 3642">
     <span class='ocr_line' id='line_1_31' title="bbox 232 3559 2156 3642; baseline -0.003 -20"><span class='ocrx_word' id='word_1_243' title='bbox 232 3563 409 3642; x_wconf 79' lang='lat' dir='ltr'><strong>peius</strong></span> <span class='ocrx_word' id='word_1_244' title='bbox 454 3568 725 3620; x_wconf 84' lang='lat' dir='ltr'><strong>‘senatus</strong></span> <span class='ocrx_word' id='word_1_245' title='bbox 750 3561 1165 3620; x_wconf 77' lang='lat' dir='ltr'><strong>auctoritatem</strong></span> <span class='ocrx_word' id='word_1_246' title='bbox 1202 3579 1431 3640; x_wconf 86' lang='lat' dir='ltr'><strong>semper</strong></span> <span class='ocrx_word' id='word_1_247' title='bbox 1466 3561 1581 3620; x_wconf 86' lang='lat' dir='ltr'><strong>sibi</strong></span> <span class='ocrx_word' id='word_1_248' title='bbox 1619 3561 1944 3620; x_wconf 79' lang='lat' dir='ltr'><strong>maximam</strong></span> <span class='ocrx_word' id='word_1_249' title='bbox 1969 3559 2156 3618; x_wconf 83' lang='lat' dir='ltr'><strong>visam</strong></span> 
     </span>
    </p>

    <p class='ocr_par' dir='ltr' id='par_1_14' title="bbox 230 3655 2457 3835">
     <span class='ocr_line' id='line_1_32' title="bbox 230 3655 2457 3739; baseline -0 -20"><span class='ocrx_word' id='word_1_250' title='bbox 230 3679 382 3731; x_wconf 68' lang='lat' dir='ltr'><strong>eme,</strong></span> <span class='ocrx_word' id='word_1_251' title='bbox 442 3661 688 3738; x_wconf 83' lang='lat' dir='ltr'><strong>ejusque</strong></span> <span class='ocrx_word' id='word_1_252' title='bbox 731 3657 986 3718; x_wconf 86' lang='lat' dir='ltr'><strong>decretis</strong></span> <span class='ocrx_word' id='word_1_253' title='bbox 1033 3655 1560 3738; x_wconf 79' lang='lat' dir='ltr'><strong>obtemperandum</strong></span> <span class='ocrx_word' id='word_1_254' title='bbox 1578 3658 1597 3686; x_wconf 91' lang='lat'>’</span> <span class='ocrx_word' id='word_1_255' title='bbox 1640 3657 1960 3739; x_wconf 83' lang='lat' dir='ltr'><strong>respondit.</strong></span> <span class='ocrx_word' id='word_1_256' title='bbox 2047 3655 2154 3716; x_wconf 87' lang='lat' dir='ltr'><strong>Ad</strong></span> <span class='ocrx_word' id='word_1_257' title='bbox 2378 3673 2457 3720; x_wconf 70' lang='lat'><strong>16.</strong></span> 
     </span>
     <span class='ocr_line' id='line_1_33' title="bbox 230 3753 2155 3835; baseline -0.002 -16"><span class='ocrx_word' id='word_1_258' title='bbox 230 3768 577 3819; x_wconf 81' lang='lat' dir='ltr'><strong>extremum</strong></span> <span class='ocrx_word' id='word_1_259' title='bbox 606 3754 811 3816; x_wconf 85' lang='lat' dir='ltr'><strong>Fufius</strong></span> <span class='ocrx_word' id='word_1_260' title='bbox 831 3755 1112 3825; x_wconf 87' lang='lat' dir='ltr'><strong>obtinuit,</strong></span> <span class='ocrx_word' id='word_1_261' title='bbox 1140 3762 1209 3813; x_wconf 89' lang='lat' dir='ltr'><strong>ut</strong></span> <span class='ocrx_word' id='word_1_262' title='bbox 1246 3753 1322 3814; x_wconf 91' lang='lat' dir='ltr'><strong>de</strong></span> <span class='ocrx_word' id='word_1_263' title='bbox 1354 3754 1631 3834; x_wconf 84' lang='lat' dir='ltr'><strong>judicum</strong></span> <span class='ocrx_word' id='word_1_264' title='bbox 1672 3775 1884 3835; x_wconf 83' lang='lat' dir='ltr'><strong>genere</strong></span> <span class='ocrx_word' id='word_1_265' title='bbox 1921 3755 2008 3832; x_wconf 91' lang='lat' dir='ltr'><strong>(in</strong></span> <span class='ocrx_word' id='word_1_266' title='bbox 2035 3774 2155 3834; x_wconf 88' lang='lat' dir='ltr'><strong>quo</strong></span> 
     </span>
    </p>

    <p class='ocr_par' dir='ltr' id='par_1_15' title="bbox 226 3851 1249 3934">
     <span class='ocr_line' id='line_1_34' title="bbox 226 3851 1249 3934; baseline -0.005 -17"><span class='ocrx_word' id='word_1_267' title='bbox 226 3865 409 3917; x_wconf 87' lang='lat' dir='ltr'><strong>erant</strong></span> <span class='ocrx_word' id='word_1_268' title='bbox 426 3854 655 3932; x_wconf 81' lang='lat' dir='ltr'><strong>omnia)</strong></span> <span class='ocrx_word' id='word_1_269' title='bbox 683 3853 793 3934; x_wconf 85' lang='lat' dir='ltr'><strong>ipsi</strong></span> <span class='ocrx_word' id='word_1_270' title='bbox 812 3851 1249 3913; x_wconf 86' lang='lat' dir='ltr'><strong>concederetur.</strong></span> 
     </span>
    </p>
   </div>
   <div class='ocr_carea' id='block_1_5' title="bbox 312 3946 2484 4076">
    <p class='ocr_par' dir='ltr' id='par_1_16' title="bbox 312 3946 2484 4076">
     <span class='ocr_line' id='line_1_35' title="bbox 312 3946 2484 4076; baseline -0.003 -62"><span class='ocrx_word' id='word_1_271' title='bbox 312 3961 421 4015; x_wconf 81' lang='grc'><strong>30.</strong></span> <span class='ocrx_word' id='word_1_272' title='bbox 466 3952 803 4012; x_wconf 74' lang='lat' dir='ltr'><strong>Accusavit</strong></span> <span class='ocrx_word' id='word_1_273' title='bbox 848 3949 1131 4010; x_wconf 89' lang='lat' dir='ltr'><strong>Clodium</strong></span> <span class='ocrx_word' id='word_1_274' title='bbox 1178 3949 1445 4010; x_wconf 84' lang='lat' dir='ltr'><strong>tribunus</strong></span> <span class='ocrx_word' id='word_1_275' title='bbox 1490 3949 1685 4031; x_wconf 89' lang='lat' dir='ltr'><strong>plebis</strong></span> <span class='ocrx_word' id='word_1_276' title='bbox 1732 3949 1815 4010; x_wconf 92' lang='lat' dir='ltr'><strong>P.</strong></span> <span class='ocrx_word' id='word_1_277' title='bbox 1865 3946 2156 4009; x_wconf 88' lang='lat' dir='ltr'><strong>Lentulus</strong></span> <span class='ocrx_word' id='word_1_278' title='bbox 2177 3957 2484 4076; x_wconf 47' lang='grc' dir='ltr'><strong>ξιιῧξᾶῗζ.</strong></span> 
     </span>
    </p>
   </div>
   <div class='ocr_carea' id='block_1_6' title="bbox 230 4045 2463 4140">
    <p class='ocr_par' dir='ltr' id='par_1_17' title="bbox 230 4045 2463 4140">
     <span class='ocr_line' id='line_1_36' title="bbox 230 4045 2463 4140; baseline -0 -29"><span class='ocrx_word' id='word_1_279' title='bbox 230 4051 577 4134; x_wconf 54' lang='lat' dir='ltr'><strong>Spinther}</strong></span> <span class='ocrx_word' id='word_1_280' title='bbox 616 4047 849 4108; x_wconf 86' lang='lat' dir='ltr'><strong>duobus</strong></span> <span class='ocrx_word' id='word_1_281' title='bbox 886 4055 967 4107; x_wconf 86' lang='lat' dir='ltr'><strong>ex&#39;</strong></span> <span class='ocrx_word' id='word_1_282' title='bbox 1008 4046 1217 4107; x_wconf 84' lang='lat' dir='ltr'><strong>eadem</strong></span> <span class='ocrx_word' id='word_1_283' title='bbox 1252 4053 1426 4127; x_wconf 74' lang='lat' dir='ltr'><strong>gente</strong></span> <span class='ocrx_word' id='word_1_284' title='bbox 1468 4045 1960 4128; x_wconf 73' lang='lat' dir='ltr'><strong>suboeriptoribus</strong></span> <span class='ocrx_word' id='word_1_285' title='bbox 1997 4065 2152 4106; x_wconf 86' lang='lat' dir='ltr'><strong>usus.</strong></span> <span class='ocrx_word' id='word_1_286' title='bbox 2180 4105 2250 4138; x_wconf 53' lang='grc' dir='ltr'><strong>Π.</strong></span> <span class='ocrx_word' id='word_1_287' title='bbox 2267 4094 2318 4140; x_wconf 74' lang='lat'><strong>2.</strong></span> <span class='ocrx_word' id='word_1_288' title='bbox 2339 4096 2388 4140; x_wconf 79' lang='lat'><strong>⁶.</strong></span> <span class='ocrx_word' id='word_1_289' title='bbox 2413 4097 2463 4138; x_wconf 77' lang='lat' dir='ltr'><strong>et</strong></span> 
     </span>
    </p>
   </div>
   <div class='ocr_carea' id='block_1_7' title="bbox 230 4226 2161 4560">
    <p class='ocr_par' dir='ltr' id='par_1_18' title="bbox 230 4226 2161 4560">
     <span class='ocr_line' id='line_1_37' title="bbox 294 4226 2156 4295; baseline -0.005 -11"><span class='ocrx_word' id='word_1_290' title='bbox 294 4235 323 4270; x_wconf 83' lang='lat'><strong>¹·</strong></span> <span class='ocrx_word' id='word_1_291' title='bbox 354 4234 605 4284; x_wconf 62' lang='lat' dir='ltr'><strong>nibem</strong></span> <span class='ocrx_word' id='word_1_292' title='bbox 634 4231 787 4295; x_wconf 73' lang='lat' dir='ltr'><strong>plebis</strong></span> <span class='ocrx_word' id='word_1_293' title='bbox 830 4231 890 4281; x_wconf 85' lang='grc' dir='ltr'><strong>Ρ.</strong></span> <span class='ocrx_word' id='word_1_294' title='bbox 924 4231 1163 4282; x_wconf 67' lang='lat' dir='ltr'><strong>Lentulus</strong></span> <span class='ocrx_word' id='word_1_295' title='bbox 1230 4230 1369 4280; x_wconf 83' lang='lat' dir='ltr'><strong>euim</strong></span> <span class='ocrx_word' id='word_1_296' title='bbox 1387 4229 1596 4280; x_wconf 72' lang='lat' dir='ltr'><strong>Lentuli</strong></span> <span class='ocrx_word' id='word_1_297' title='bbox 1620 4229 1828 4294; x_wconf 79' lang='lat' dir='ltr'><strong>patricii</strong></span> <span class='ocrx_word' id='word_1_298' title='bbox 1844 4226 2011 4279; x_wconf 73' lang='lat' dir='ltr'><strong>fluere.</strong></span> <span class='ocrx_word' id='word_1_299' title='bbox 2064 4229 2156 4277; x_wconf 75' lang='lat' dir='ltr'><strong>Se-</strong></span> 
     </span>
     <span class='ocr_line' id='line_1_38' title="bbox 231 4293 2157 4366; baseline -0.005 -14"><span class='ocrx_word' id='word_1_300' title='bbox 231 4299 503 4366; x_wconf 72' lang='lat' dir='ltr'><strong>Spinssoer]</strong></span> <span class='ocrx_word' id='word_1_301' title='bbox 530 4298 633 4347; x_wconf 80' lang='lat' dir='ltr'><strong>Hic</strong></span> <span class='ocrx_word' id='word_1_302' title='bbox 658 4297 1019 4362; x_wconf 75' lang='lat' dir='ltr'><strong>multipliciter</strong></span> <span class='ocrx_word' id='word_1_303' title='bbox 1043 4311 1161 4362; x_wconf 81' lang='lat' dir='ltr'><strong>pec·</strong></span> <span class='ocrx_word' id='word_1_304' title='bbox 1232 4295 1406 4346; x_wconf 74' lang='lat' dir='ltr'><strong>eundo</strong></span> <span class='ocrx_word' id='word_1_305' title='bbox 1428 4305 1788 4346; x_wconf 76' lang='lat' dir='ltr'><strong>accusatorem</strong></span> <span class='ocrx_word' id='word_1_306' title='bbox 1809 4293 1980 4344; x_wconf 73' lang='lat' dir='ltr'><strong>clodii</strong></span> <span class='ocrx_word' id='word_1_307' title='bbox 2009 4293 2157 4343; x_wconf 82' lang='lat' dir='ltr'><strong>Cice·</strong></span> 
     </span>
     <span class='ocr_line' id='line_1_39' title="bbox 230 4359 2161 4426; baseline -0.004 -10"><span class='ocrx_word' id='word_1_308' title='bbox 230 4377 321 4418; x_wconf 76' lang='lat' dir='ltr'><strong>eat</strong></span> <span class='ocrx_word' id='word_1_309' title='bbox 378 4363 787 4416; x_wconf 74' lang='lat' dir='ltr'><strong>Freinshemius.</strong></span> <span class='ocrx_word' id='word_1_310' title='bbox 872 4362 1051 4412; x_wconf 80' lang='lat' dir='ltr'><strong>Primo</strong></span> <span class='ocrx_word' id='word_1_311' title='bbox 1094 4363 1161 4412; x_wconf 82' lang='lat' dir='ltr'><strong>P.</strong></span> <span class='ocrx_word' id='word_1_312' title='bbox 1232 4361 1586 4426; x_wconf 79' lang='lat' dir='ltr'><strong>roquidemet</strong></span> <span class='ocrx_word' id='word_1_313' title='bbox 1602 4361 1843 4412; x_wconf 82' lang='lat' dir='ltr'><strong>Valerius</strong></span> <span class='ocrx_word' id='word_1_314' title='bbox 1861 4359 2161 4411; x_wconf 55' lang='lat' dir='ltr'><strong>Mendaeu-</strong></span> 
     </span>
     <span class='ocr_line' id='line_1_40' title="bbox 234 4423 2158 4489; baseline -0.005 -6"><span class='ocrx_word' id='word_1_315' title='bbox 234 4431 497 4482; x_wconf 75' lang='lat' dir='ltr'><strong>Iaentnlns</strong></span> <span class='ocrx_word' id='word_1_316' title='bbox 534 4443 629 4477; x_wconf 80' lang='lat' dir='ltr'><strong>nec</strong></span> <span class='ocrx_word' id='word_1_317' title='bbox 668 4427 768 4477; x_wconf 80' lang='lat' dir='ltr'><strong>fuit</strong></span> <span class='ocrx_word' id='word_1_318' title='bbox 792 4427 1026 4478; x_wconf 76' lang='lat' dir='ltr'><strong>tribunus</strong></span> <span class='ocrx_word' id='word_1_319' title='bbox 1052 4427 1161 4489; x_wconf 83' lang='lat' dir='ltr'><strong>ple·</strong></span> <span class='ocrx_word' id='word_1_320' title='bbox 1234 4429 1397 4476; x_wconf 77' lang='lat' dir='ltr'><strong>tulum</strong></span> <span class='ocrx_word' id='word_1_321' title='bbox 1424 4431 1631 4476; x_wconf 70' lang='lat' dir='ltr'><strong>vocant.</strong></span> <span class='ocrx_word' id='word_1_322' title='bbox 1699 4425 1805 4475; x_wconf 75' lang='lat' dir='ltr'><strong>Sed</strong></span> <span class='ocrx_word' id='word_1_323' title='bbox 1843 4439 1961 4474; x_wconf 86' lang='lat' dir='ltr'><strong>enm</strong></span> <span class='ocrx_word' id='word_1_324' title='bbox 1999 4423 2158 4474; x_wconf 75' lang='lat' dir='ltr'><strong>fuisse</strong></span> 
     </span>
     <span class='ocr_line' id='line_1_41' title="bbox 234 4491 2156 4560; baseline -0.004 -14"><span class='ocrx_word' id='word_1_325' title='bbox 234 4499 339 4560; x_wconf 77' lang='lat' dir='ltr'><strong>bis,</strong></span> <span class='ocrx_word' id='word_1_326' title='bbox 374 4511 479 4546; x_wconf 86' lang='lat' dir='ltr'><strong>nec</strong></span> <span class='ocrx_word' id='word_1_327' title='bbox 517 4508 637 4544; x_wconf 72' lang='lat' dir='ltr'><strong>esse</strong></span> <span class='ocrx_word' id='word_1_328' title='bbox 676 4493 867 4558; x_wconf 78' lang='lat' dir='ltr'><strong>potuit·</strong></span> <span class='ocrx_word' id='word_1_329' title='bbox 932 4491 1161 4543; x_wconf 79' lang='lat' dir='ltr'><strong>Cornelii</strong></span> <span class='ocrx_word' id='word_1_330' title='bbox 1234 4493 1515 4544; x_wconf 79' lang='lat' dir='ltr'><strong>Lentulum</strong></span> <span class='ocrx_word' id='word_1_331' title='bbox 1556 4491 1895 4555; x_wconf 76' lang='lat' dir='ltr'><strong>Spintherem</strong></span> <span class='ocrx_word' id='word_1_332' title='bbox 1945 4491 2156 4540; x_wconf 80' lang='lat' dir='ltr'><strong>minime</strong></span> 
     </span>
    </p>
   </div>
   <div class='ocr_carea' id='block_1_8' title="bbox 3282 1001 3288 2004">
    <p class='ocr_par' dir='ltr' id='par_1_19' title="bbox 3282 1001 3288 2004">
     <span class='ocr_line' id='line_1_42' title="bbox 3282 1001 3288 2004; baseline 0 0"><span class='ocrx_word' id='word_1_333' title='bbox 3282 1001 3288 2004; x_wconf 95' lang='lat' dir='ltr'><strong> </strong></span> 
     </span>
    </p>
   </div>
  </div>
 </body>
</html>
