3300 5234
875 528 1086 581 maai
1134 529 1337 580 oxu.-
1380 530 2042 585 surrnnnsn'run.
2402 518 2574 587 6251

348 691 353 700 ·
422 674 525 733 55.
564 668 707 731 Jam
748 668 887 733 inde
918 689 957 731 a
988 670 1279 753 principio
1314 681 1449 754 post
1488 682 1796 757 acceptam
1825 674 2086 749 cladem,
2121 694 2248 737 om·-
2307 686 2524 753 Appias.

340 770 511 831 nium
544 769 751 847 utique
790 766 1295 850 Pompeianorum
1329 769 1661 851 perfugium
1687 771 1958 854 Corcyra
1981 792 2108 833 esse
2133 792 2250 833 οω-
2275 752 2580 865 οῐίζίΐζξω·

338 874 533 947 perat.
638 862 789 925 Huc
835 874 973 925 ante
1024 865 1347 927 Octavium
1398 875 1463 926 et
1512 867 1617 929 alii
1661 888 1725 929 se
1775 876 2146 951 receperant,
2191 877 2255 930 et
2276 880 2404 931 ces.
2424 880 2542 932 civ‘.

341 962 691 1023 illustriores
730 962 864 1023 aliis
908 962 983 1023 C.
1025 962 1290 1035 Cassius,
1344 961 1459 1024 Cn.
1510 964 1844 1045 Pompeius
1887 964 2250 1029 adolescens.
2274 962 2364 1046 Ψ·
2383 950 2468 997 ⁸⁸·

342 1058 569 1119 Cnaeus
602 1067 737 1119 ante
774 1078 1065 1119 summam
1100 1057 1541 1120 dimicationem
1576 1081 1714 1121 cum
1740 1052 2030 1143 AEgyptia
2065 1062 2252 1125 classo

345 1156 599 1237 Epirum
626 1156 912 1227 ambiens,
941 1156 1213 1229 Oricum,
1236 1156 1339 1217 cui
1359 1156 1455 1217 Μ.
1478 1157 1722 1219 Acilius
1742 1157 2000 1219 Coesaris
2023 1157 2256 1241 legatus

341 1260 615 1333 punierat,
652 1237 1119 1333 oppugnaverat,
1156 1272 1395 1332 magno,
1440 1253 1549 1313 sed
1590 1253 1670 1314 ad
1715 1263 2046 1315 extremum
2091 1257 2282 1317 irrito·

342 1356 582 1410 conatu.
653 1347 811 1409 Cum
831 1349 989 1409 enim
1013 1357 1169 1410 esset
1193 1349 1272 1409 ad
1297 1348 1697 1411 claudendum
1718 1360 1924 1431 portus
1947 1352 2258 1413 introitum

340 1446 613 1505 oneraria
646 1446 817 1505 navis
862 1445 941 1506 ab
981 1445 1193 1507 Acilio
1216 1466 1559 1519 summersa,
1593 1466 1732 1528 qnae
1766 1447 2260 1529 scaphismagm

342 1560 622 1601 saxorum
652 1540 807 1602 mole
839 1542 1096 1602 oneratis
1122 1550 1453 1612 teneretuu
1498 1564 1605 1624 per
1634 1542 1961 1605 urinatores
1987 1553 2258 1605 extracta

345 1646 519 1717 parte
564 1637 851 1718 lapidum,
894 1638 1051 1699 banc
1094 1638 1337 1719 quidem
1374 1638 1615 1699 funibus
1655 1640 1860 1701 multis
1897 1640 2259 1701 contendens

345 1734 603 1797 deduxit
634 1734 919 1807 remulco,
949 1736 1249 1817 aliamque
1282 1737 1340 1797 ei
1376 1739 1756 1818 conjunctam
1782 1756 2019 1809 navem,
2050 1739 2108 1797 in
2138 1758 2259 1818 qua

346 1833 527 1892 turris
544 1831 623 1892 ad
640 1832 1043 1893 defensionem
1062 1834 1329 1895 excitata
1343 1832 1559 1906 fuerat,
1580 1836 1642 1895 vi
1663 1835 1842 1915 cepit.
1901 1834 2258 1915 Nactnsque

346 1927 571 1989 molem
614 1928 835 2010 oppido
856 1930 1157 2009 objectam
1194 1930 1255 1989 in
1290 1930 1548 2010 speciem
1588 1930 1821 2002 insulae,
1867 1940 2122 2012 quatuor
2161 1930 2258 1990 bi-

345 2045 535 2087 remes
558 2026 841 2105 subjectis
863 2026 1109 2087 scutulis
1148 2026 1429 2107 impulsas
1466 2028 1735 2088 vectibus
1761 2030 1820 2087 in
1848 2037 2078 2108 partem
2103 2030 2257 2092 inte-

344 2118 563 2183 riorem
614 2124 953 2184 transtulit:
1012 2132 1189 2204 atque
1236 2124 1319 2184 ita
1366 2125 1663 2205 utrimque
1715 2144 2025 2204 aggressus
2072 2144 2258 2187 naves

348 2216 563 2297 longas
585 2240 829 2291 vacuas,
862 2238 998 2299 quae
1024 2227 1193 2281 erant
1218 2218 1297 2279 ad
1326 2228 1539 2281 terram
1560 2220 1866 2299 deligatae,
1897 2228 2153 2301 quatuor
2175 2240 2256 2281 ex

346 2316 443 2376 his
468 2316 739 2388 abduxit,
779 2316 1039 2397 reliquas
1075 2316 1355 2377 incendit.
1450 2316 1609 2377 Cum
1634 2318 1726 2378 his
1764 2326 1828 2377 et
1865 2337 2082 2397 magna
2120 2337 2259 2400 pars
2281 2324 2400 2375 Dio.

347 2412 558 2496 oppidi
580 2412 961 2492 deflagravit:
1000 2413 1323 2493 fuissetque
1352 2422 1658 2496 receptum
1685 2414 1959 2487 Oricum,
1989 2416 2102 2475 nisi
2124 2414 2258 2476 vul-

350 2530 493 2571 nere
518 2510 799 2590 Pompeii
828 2510 1185 2571 remissiores
1208 2509 1355 2571 sacti
1386 2510 1658 2591 AEgyptii
1682 2510 1896 2571 forent.

430 2614 535 2669 56.
579 2606 775 2687 Igitur
800 2626 932 2678 nec,
966 2614 1176 2667 sanato
1212 2628 1307 2679 eo,
1344 2607 1765 2669 munitionibus
1797 2608 2022 2669 interea
2047 2601 2258 2680 auctis,

349 2704 743 2767 difficiliorem
768 2704 1029 2766 futuram
1054 2706 1553 2786 oppugnationem
1579 2725 1872 2766 resumere
1899 2724 2093 2776 ausus,
2129 2706 2258 2765 Lis-
2283 2713 2412 2763 Cos.

346 2824 481 2863 sum
506 2802 775 2863 tentavit.
852 2800 975 2863 Sed
994 2802 1281 2882 repulsus,
1302 2804 1508 2883 paucis
1529 2803 1754 2862 amissis
1771 2802 2046 2873 navibus,
2065 2812 2262 2862 tamen

348 2888 652 2973 onerariis,
694 2921 843 2981 quas
892 2899 985 2961 M.
1014 2902 1319 2963 Antonius
1369 2902 1455 2962 ibi
1497 2900 1840 2982 reliquerat,
1881 2902 2136 2962 incensis
2157 2903 2262 2961 tri-

352 3000 546 3079 ginta;
582 3000 789 3078 vagari
828 3000 1053 3061 circum
1081 2998 1285 3060 littora
1308 3008 1371 3060 et
1394 3000 1680 3081 expositis
1699 2999 1946 3059 subinde
1975 2998 2266 3059 militibus

350 3104 591 3157 vastare
632 3115 769 3155 cum
810 3095 1048 3156 Caesare
1088 3097 1467 3157 sentientium
1509 3116 1680 3174 agros
1715 3096 2006 3156 instituit:
2051 3095 2264 3167 donec,
2287 3109 2406 3162 Dio.

350 3190 527 3251 clade
553 3192 1032 3275 patriscognita,
1069 3190 1335 3253 desen-tm
1374 3193 1454 3253 ab
1494 3192 1821 3273 AEgyptiis,
1862 3191 1941 3252 ad
1969 3191 2266 3251 Catonem

354 3308 421 3349 se
467 3288 741 3349 contulit.
851 3287 1143 3368 Idemque
1188 3298 1315 3349 tum
1356 3296 1421 3349 et
1460 3288 1537 3348 C.
1584 3287 1830 3349 Cassius
1872 3286 2040 3359 fecit,
2082 3296 2146 3347 et
2191 3286 2278 3348 1..·
2347 3274 2357 3284 ’

356 3382 665 3445 Afranius.
764 3383 891 3446 His
930 3385 1263 3465 ceterisque
1310 3384 1411 3465 adj
1420 3385 1708 3457 uteribus,
1748 3384 2090 3465 priusquam
2131 3382 2266 3444 lon·

354 3481 594 3561 ginquoe
617 3502 753 3563 spes
782 3489 1171 3553 tentarentur,
1212 3480 1702 3561 Peloponnesum
1743 3482 1996 3541 retinere
2033 3479 2265 3551 statuit,

356 3576 699 3659 Patrasqne
742 3579 1061 3659 occupavit
1102 3570 1401 3658 praesidio,
1432 3577 1770 3656 multosque
1801 3585 1866 3637 et
1907 3576 1990 3637 ibi
2031 3594 2269 3635 suarum

356 3676 637 3759 partium,
674 3677 735 3737 in
762 3676 977 3756 quibus
1000 3684 1063 3735 et
1089 3674 1389 3746 Petreius,
1418 3682 1481 3734 et
1502 3674 1784 3754 Pompeii
1809 3692 1986 3753 gener
2015 3672 2272 3733 Faustus

354 3771 617 3843 fuerunt,
653 3772 915 3853 recepit:
958 3780 1023 3831 et
1066 3771 1259 3832 donec
1300 3770 1561 3830 Athenis
1608 3770 1994 3849 Megarisque
2040 3786 2270 3848 oppug-

358 3869 573 3930 nandis
606 3868 896 3931 distentus
934 3866 1145 3927 Fufius
1172 3866 1443 3927 Kalenus
1476 3866 1611 3937 fuit,
1645 3868 1708 3926 in
1743 3874 2034 3948 potestate
2059 3864 2276 3925 habuit

357 3964 665 4047 oppidum.
779 3964 973 4037 Nam,
1025 3964 1168 4023 licet
1218 3963 1431 4025 amisso
1474 3962 1736 4036 Piraeeo,
1791 3962 2054 4025 Athenae
2101 3960 2272 4019 resti-

360 4070 579 4123 terant.
1597 4106 1601 4110 .

446 4164 549 4221 57.
593 4154 750 4216 Mox
796 4154 889 4214 his
932 4174 971 4215 a
1016 4156 1256 4216 Caesare
1304 4155 1539 4216 veniam
1587 4151 1842 4235 adeptis,
1893 4154 2276 4233 Megarenses

362 4253 726 4336 pertinacius
784 4259 1180 4333 repugnantes
1230 4251 1602 4333 expugnavit
1663 4248 1892 4322 Fufius,
1955 4249 2275 4328 multisque
2356 4242 2358 4245 ’

364 4349 577 4413 occisis
601 4346 869 4411 vendidit
895 4346 1175 4428 reliquos,
1200 4347 1305 4409 sed
1328 4348 1674 4409 necessariis
1697 4366 1922 4420 eorum,
1947 4354 2012 4407 et
2029 4345 2274 4407 minimo
