3300 5234
892 553 1095 605 mem
1148 555 1313 604 cin.
1360 549 2013 606 surrnssussn'rumz
2239 577 2248 588 ·
2385 541 2564 608 4980

324 717 465 760 mox
494 695 741 756 Vettius
768 693 1049 757 indicium
1086 695 1348 778 profiteri
1388 697 1697 759 debuerat.
1784 697 1907 758 Sed
1949 697 2075 770 ille,
2114 718 2237 778 quo

327 792 653 854 Curionem
683 791 1115 852 adolescentem
1148 794 1207 852 in
1250 794 1641 875 suspicionem
1673 793 2018 866 adduceret,
2061 794 2236 854 fami-

326 889 585 950 liaritate
608 892 743 970 ejus
776 889 1081 962 affectata,
1116 890 1359 951 dixerat
1386 892 1499 952 sibi
1535 901 1764 952 certum
1803 911 1929 951 esse
1955 911 2093 952 cum
2117 891 2238 952 suis

324 989 511 1048 servis
553 989 839 1068 impetum
884 989 945 1048 in
988 987 1351 1070 Pompeium
1392 988 1613 1062 facere,
1654 988 1833 1070 idque
1872 988 1975 1048 ille
2013 987 2092 1049 ad
2127 1009 2236 1070 pa-

324 1095 497 1155 trem,
542 1095 713 1166 pater
751 1083 830 1145 ad
869 1085 1228 1166 Pompeium
1272 1084 1585 1148 detulerat.
1673 1085 1825 1146 Erat
1865 1094 2063 1146 autem
2112 1084 2236 1145 Cu·
2295 1101 2400 1152 Cic.
2420 1103 2484 1154 ad

324 1181 475 1240 rioni
511 1178 639 1240 filio
672 1181 879 1241 Caesar
916 1180 1195 1252 offensus,
1232 1181 1393 1261 quod
1432 1191 1635 1262 aperte
1673 1182 2110 1243 triumvirorum
2151 1183 2236 1242 ni·
2260 1165 2368 1216 Ast·
2395 1185 2454 1220 ¹¹·
2476 1173 2559 1221 ¹⁸·

325 1278 475 1336 miss
499 1297 645 1358 opes
682 1277 1017 1348 traducens,
1054 1297 1352 1338 assensum
1387 1278 1604 1338 habere
1641 1278 2036 1340 multitudinis
2069 1279 2235 1339 vide-
2260 1240 2312 1280 οἱ
2335 1237 2416 1284 ¹⁹⁸

323 1373 521 1444 batur,
562 1374 735 1454 eique
776 1372 931 1434 ludis
966 1373 1427 1456 Apollinaribus
1466 1376 1699 1456 equites
1737 1383 1961 1450 stantes
2001 1375 2236 1456 plause-

324 1479 479 1540 rant,
506 1492 667 1542 cum,
695 1471 1057 1552 ingrediente
1084 1473 1383 1533 theatrum
1410 1472 1678 1542 Caesare,
1704 1473 2086 1553 quievissent.

404 1571 507 1624 99.
550 1565 647 1624 At
698 1563 957 1638 Vettius,
1000 1566 1063 1626 in
1108 1574 1377 1627 senatum
1412 1565 1804 1636 introductae,
1832 1563 1952 1624 fide
1993 1565 2236 1646 publica
2291 1593 2398 1647 Cic.
2422 1597 2483 1645 ,d

326 1659 631 1740 postulata
656 1663 957 1744 exposuit,
992 1671 1009 1699 ‘
1035 1682 1273 1722 manum
1311 1661 1489 1724 fuisse
1521 1661 1880 1742 juventutis,
1915 1660 2067 1722 duce
2109 1661 2234 1722 Cu·
2259 1659 2368 1738 M?-
2387 1675 2450 1710 1¹·
2475 1665 2561 1716 Μ·

326 1756 514 1829 rione,
542 1759 605 1818 in
630 1779 753 1839 qua
781 1758 1017 1819 Paulus
1042 1759 1213 1820 initio
1245 1757 1472 1829 fuisset,
1504 1768 1569 1819 et
1608 1759 1692 1826 Q.
1723 1757 1936 1839 Coepio
1963 1749 2236 1830 Brutus,¹
2259 1733 2311 1840 gf
2328 1727 2520 1842 ffbvn‘

322 1864 387 1915 et
414 1854 707 1916 Lentulus
734 1855 1021 1916 Flaminis
1045 1854 1205 1916 filius
1228 1856 1467 1917 conscio
1492 1865 1678 1937 patre.
1721 1853 1954 1914 Postea
1979 1854 2055 1915 C.
2085 1854 2236 1938 Sep-

327 1953 562 2012 timium
588 1953 845 2014 scribam
872 1952 1106 2024 Bibuli,
1128 1954 1445 2034 pugionem
1470 1953 1585 2012 sibi
1612 1972 1649 2012 a
1677 1949 1903 2011 Bibulo
1929 1952 2236 2014 attulisse?
2262 1953 2564 2006 Cim-dm.

329 2049 516 2117 Quod
556 2057 749 2110 totum
781 2049 1009 2110 irrisum
1048 2058 1160 2122 est,
1199 2049 1414 2110 Vettio
1449 2049 1767 2130 pugionem
1801 2047 2079 2120 defuisse,
2124 2051 2239 2110 nisi

324 2145 589 2206 dedisset
610 2166 745 2207 eum
770 2145 1011 2206 consul:
1054 2147 1376 2226 praesertim
1416 2165 1552 2206 cum
1594 2146 1720 2226 ipse
1751 2144 2008 2207 Bibulus
2048 2146 2238 2206 Pom-

330 2244 555 2324 peium,
582 2252 651 2303 ut
674 2252 917 2304 caveret
942 2240 1183 2302 insidias
1208 2243 1546 2313 monuisset,
1576 2263 1767 2324 eoque
1791 2243 2026 2302 nomine
2047 2241 2236 2302 Pom-

328 2341 500 2420 peius
524 2341 583 2398 ei
608 2341 828 2420 gratias
860 2339 1095 2418 egisset.
1178 2336 1561 2398 Introductus
1596 2337 1786 2398 Curio
1820 2337 1982 2397 filius
2021 2337 2240 2399 refellit

328 2433 615 2496 Vettium
652 2455 729 2496 eo
768 2435 1047 2505 maxime,
1089 2433 1251 2515 quod
1299 2434 1592 2494 Paullum
1628 2434 1731 2494 ille
1765 2435 2003 2496 dixerat
2029 2434 2238 2496 afferre

324 2552 537 2592 manns
574 2531 873 2612 Pompeio
903 2529 1177 2604 voluhse,
1215 2551 1335 2610 quo
1376 2539 1641 2613 tempore
1682 2531 1974 2590 Paullum
2003 2540 2239 2592 consta-

324 2631 433 2691 bat
454 2629 639 2690 fuisse
654 2631 715 2688 in
738 2627 1123 2689 Macedonia.
1196 2627 1298 2688 Fit
1315 2629 1909 2700 senatusconsultum,
1937 2637 1954 2662 ⁴
1979 2629 2065 2687 uti
2084 2627 2239 2688 Vet-

323 2729 465 2800 tius,
494 2726 659 2808 quod
696 2725 1001 2787 confessus
1030 2735 1186 2786 esset
1220 2747 1284 2786 se
1320 2745 1456 2786 cum
1503 2725 1625 2786 telo
1658 2723 1860 2795 fuisse,
1899 2725 1958 2785 in
2002 2724 2240 2784 vincula

216 2830 225 2836 ’
322 2825 756 2903 conjiceretur:
799 2823 905 2904 qui
944 2842 1079 2882 eum
1125 2821 1433 2900 emisisset,
1482 2842 1617 2882 eum
1648 2832 1874 2882 contra
1915 2821 2238 2902 rempubli-

326 2941 463 2981 cam
488 2941 615 2980 ω
640 2915 979 2979 facturum?

408 3023 554 3076 100.
596 3014 747 3076 Non
774 3013 1009 3075 obstitit
1040 3012 1615 3075 senatusconsultum
1646 3013 1897 3084 Caesari,
1926 3013 2239 3094 quominus

326 3122 565 3194 postero
599 3111 697 3172 die
728 3109 1083 3194 produceret
1128 3111 1186 3170 in
1214 3119 1405 3171 rostra
1431 3109 1732 3180 Vettium,
1759 3118 1822 3170 et
1845 3111 2082 3170 tribuno
2107 3109 2236 3190 ple·
2295 3122 2400 3174 Cic.
2423 3123 2476 3176 in

2262 3189 2378 3238 Vat.
2395 3197 2448 3237 et
2466 3188 2532 3237 ad
2655 3216 2680 3235 .

330 3211 423 3270 bis
448 3209 535 3272 P.
565 3208 822 3268 Vatinio
846 3206 1139 3268 secundas
1164 3215 1401 3286 agente,
1429 3204 1627 3266 dicere
1642 3206 1888 3284 juberet
1904 3226 1983 3267 ex
2006 3227 2078 3266 eo
2105 3205 2238 3266 loco
2264 3252 2374 3304 Au·

328 3308 408 3367 ad
455 3327 635 3388 quem
676 3305 907 3366 consuli
968 3303 1196 3365 Bibulo
1250 3324 1365 3364 non
1423 3303 1647 3373 licebat
1686 3303 1992 3375 accedere,
2033 3324 2238 3382 quem·

330 3426 447 3487 que
498 3405 705 3464 Caesar
755 3403 815 3462 in
868 3411 1127 3484 praetura
1168 3403 1251 3470 Q.
1275 3401 1499 3462 Catulo
1544 3401 1940 3482 praecluserat.
2047 3401 2241 3480 Igitur

332 3503 581 3564 Vettius
605 3509 875 3562 auctores
899 3497 1365 3581 impulsoresque
1387 3498 1629 3559 >sceleris
1648 3500 1976 3560 nominavit
2007 3499 2098 3558 M.
2131 3499 2240 3558 Bi·

329 3599 564 3671 bulum,
612 3597 688 3659 C.
736 3596 1057 3657 Curionem
1101 3616 1241 3658 cum
1277 3593 1429 3666 filio,
1475 3596 1543 3655 L.
1601 3595 1912 3666 Paullum,
1961 3595 2065 3676 qui
2111 3604 2238 3655 tum

330 3705 591 3776 quaestor
618 3697 676 3754 in
708 3691 1069 3753 Macedonia
1096 3693 1304 3752 aberat
1332 3712 1347 3752 τ
1392 3701 1679 3773 praeterea
1695 3691 1765 3752 L.
1798 3691 2134 3763 Lucullum,
2166 3691 2236 3753 L.

332 3791 691 3864 Domitium,
734 3809 883 3870 quos
918 3789 977 3849 in
1018 3797 1225 3850 senatu
1270 3809 1345 3849 ne
1388 3789 1730 3848 tenuissima
1763 3788 2004 3869 quidem
2049 3789 2238 3869 suspi-

328 3891 505 3950 cione
528 3896 875 3968 asperserat.
958 3885 1187 3946 Contra
1214 3885 1583 3967 Caepionem,
1610 3904 1787 3964 quem
1822 3885 2044 3945 ibidem
2071 3904 2239 3944 acer-

330 3987 481 4046 rime
508 3985 937 4057 nominaverat,
960 3982 1020 4042 in
1040 3982 1169 4043 foro
1196 3983 1431 4052 omisit;
1480 3991 1549 4043 ut
1572 3992 1882 4062 appareret
1896 3991 2150 4052 noctem,
2177 3990 2239 4041 et

330 4093 681 4144 nocturnam
693 4077 1173 4163 deprecationem
1192 4079 1571 4140 intervenisse
1589 4077 1888 4150 Servilioe,
1901 4098 2036 4158 quae
2053 4087 2240 4138 mater

394 4229 421 4263 Ι
455 4228 522 4285 Q.
579 4225 743 4290 Capio
796 4223 1010 4289 Brutus]
1056 4225 1253 4276 Brutus
1324 4225 1429 4289 pio,
1474 4224 1599 4290 quia
1642 4223 1923 4288 adoptatus
1963 4223 2136 4276 fuerat
2170 4225 2238 4273 ab

330 4297 443 4358 ilie,
466 4295 557 4360 qni
598 4299 780 4354 postea
801 4291 1059 4341 Ces-rein
1092 4289 1252 4340 inter·
1324 4291 1581 4341 avunculo
1618 4289 1688 4342 Q.
1709 4289 1932 4342 Servilio
1969 4291 2238 4356 Cepione.
2305 4292 2314 4312 '

332 4359 487 4411 fecit.
550 4357 685 4408 Ideo
720 4357 1009 4407 vocabatur
1042 4355 1109 4408 Q.
1134 4356 1251 4407 Cat·
1326 4357 1467 4406 Cres.
