3300 5234
906 519 1109 568 mum
1160 519 1387 569 exin.
1432 520 2076 572 surenausswwn.
2259 557 2276 572 .
2421 507 2596 572 5281

362 664 565 725 ratim
592 639 797 735 sicus,
832 664 957 724 sine
996 663 1335 726 discrimine
1360 664 1728 746 quibuslibet
1759 664 1955 724 obviis
1995 663 2276 724 afferrent

365 780 601 822 manus.
686 759 831 820 Duo
857 781 1091 841 quoque
1135 762 1392 843 praetorii
1434 771 1560 822 tum
1602 760 1896 822 interfecti
1936 770 2094 833 sunt,
2123 761 2272 823 Cos·
2296 767 2430 816 Plut.
2451 765 2579 817 Cn.

361 861 579 920 conius
602 867 663 919 et
689 857 913 919 Galba.

452 963 554 1016 46.
614 953 939 1015 Dubitavit
974 962 1103 1012 tum
1158 953 1384 1025 Caesar,
1438 973 1579 1015 uum
1623 974 1923 1036 opponere
1972 955 2276 1036 praetorias
2297 965 2415 1016 Dio.

362 1054 647 1114 cohortes
688 1049 1185 1112 tumultuantibus
1226 1052 1441 1112 rectius
1486 1051 1660 1113 soret.
1768 1051 1892 1114 Sed
1931 1053 2275 1132 contagium

364 1151 606 1220 timens,
634 1149 741 1208 lias
764 1148 1007 1229 quidem
1046 1167 1245 1208 secum
1284 1148 1553 1221 retinuit,
1589 1156 1654 1209 et
1685 1149 1926 1221 milites,
1963 1169 2114 1229 quos
2139 1150 2275 1209 An·
2300 1159 2514 1228 Appi-n.

366 1247 573 1306 tonius
614 1265 803 1326 nuper
848 1243 1281 1315 introduxerat,
1322 1245 1543 1304 circum
1578 1245 1738 1306 sedes
1771 1266 1908 1306 suas
1961 1255 2025 1306 et
2080 1255 2278 1327 portas
2300 1258 2416 1310 Dio.

372 1341 567 1402 Urbis
590 1341 898 1421 disposuit.
962 1339 1274 1400 Seditiosis
1296 1341 1431 1419 jam
1458 1342 2086 1422 appropinquantibus,
2119 1343 2280 1402 misit

366 1440 613 1500 obviam
652 1439 1067 1509 sciscitaturos,
1104 1436 1251 1518 quid
1288 1439 1467 1516 igitur
1498 1440 1615 1498 sibi
1652 1437 1896 1499 vellent.
1977 1438 2190 1519 Atque
2237 1441 2277 1499 ii

364 1556 511 1596 cum
538 1536 665 1616 ipso
702 1534 941 1595 Caesare
976 1533 1377 1595 collocuturos
1416 1555 1545 1594 esse
1588 1535 2029 1616 responderunt.
2122 1537 2278 1596 Tum

368 1633 706 1692 denuntiari
731 1631 935 1692 Caesar
959 1633 1163 1710 jussit,
1186 1634 1296 1703 uti,
1327 1633 1535 1713 positis
1558 1634 1760 1704 armis,
1788 1641 2004 1713 praeter
2029 1631 2279 1712 gladios,
2335 1647 2535 1699 Sueten.

372 1729 455 1790 ad
488 1730 718 1792 Urbem
744 1729 1113 1790 accederent.
1196 1727 1423 1809 Neque
1458 1739 1736 1791 contatus
1759 1737 1874 1801 est,
1902 1729 2044 1792 licet
2065 1730 2277 1793 dehor-
2301 1711 2544 1840 {aazia

368 1828 639 1888 tantibns
671 1825 1045 1888 vehementer
1084 1827 1313 1899 amicis,
1362 1827 1525 1889 adire
1570 1827 1885 1888 tendentes
1933 1829 1996 1888 in
2050 1827 2282 1909 Campo
2335 1841 2552 1894 Frontin.

374 1923 625 1994 Martio,
664 1932 729 1984 et
764 1923 1027 1984 tribunal
1058 1931 1317 1984 erectum
1354 1924 1573 1985 minaci
1608 1924 1778 1986 vultu
1819 1923 2236 1986 conscendere.
2304 1924 2343 1957 ¹·
2357 1911 2411 1958 ⁹·

458 2027 567 2084 47.
610 2020 773 2082 Haec
798 2029 923 2080 tam
946 2021 1151 2080 audax
1178 2029 1359 2101 atque
1398 2022 1706 2102 inopinata
1729 2023 1840 2082 viri
1873 2024 2102 2104 species
2124 2021 2282 2083 ultro
2307 2033 2520 2099 Appi-n.

371 2118 587 2178 terruit
608 2117 876 2188 militem,
903 2127 973 2178 ut
994 2116 1289 2177 desideria
1308 2136 1418 2178 sua
1436 2137 1734 2199 exponere
1763 2120 1987 2197 jussus,
2015 2118 2283 2180 donativi

306 2235 325 2253 ·
374 2215 735 2274 mentionem
773 2213 971 2274 facere
998 2233 1116 2274 non
1144 2213 1411 2284 auderet,
1438 2215 1773 2276 missionem
1811 2225 2042 2276 tantum
2083 2225 2284 2296 postu-

373 2310 564 2372 laret:
608 2319 671 2370 et
690 2311 929 2370 suberat
952 2329 1109 2390 spes,
1134 2308 1297 2390 quod
1327 2330 1507 2391 opera
1540 2310 1795 2371 militum
1823 2312 2028 2372 Caesar
2055 2311 2284 2391 indige-

374 2417 489 2478 ret,
516 2417 723 2488 sponte
762 2406 1039 2486 daturum
1072 2425 1207 2490 quae
1251 2414 1405 2466 esset
1440 2406 1765 2488 pollicitus.
1853 2405 1978 2468 Sed
2002 2407 2106 2468 ille
2130 2409 2288 2468 sicut

376 2505 651 2587 profusus
692 2506 753 2564 in
798 2504 1209 2584 obsequentes,
1258 2503 1345 2564 ita
1394 2504 1757 2565 minantibus
1811 2506 2288 2586 inexpugnabilis

376 2611 527 2677 erat.
611 2601 849 2662 Idcirco
876 2621 995 2662 uno
1019 2593 1203 2662 verb'o
1228 2600 1525 2662 dimittere
1551 2621 1615 2661 se
1640 2601 1833 2662 dixit:
1875 2610 1937 2662 et
1959 2621 2096 2662 cum
2121 2602 2290 2664 velut
2344 2615 2542 2666 Sueten.

376 2698 673 2759 fulminati
698 2699 813 2760 hnc
835 2718 983 2759 voce
1008 2697 1273 2768 silerent,
1294 2697 1536 2775 adjecit,
1564 2697 1793 2758 ‘nihilo
1810 2698 1998 2758 secius
2011 2696 2286 2759 daturum
2310 2681 2505 2794 {³⁸35-
2525 2685 2610 2732 ⁶⁹·

376 2795 671 2876 stipendia
694 2803 759 2856 et
781 2793 1051 2875 praemia,
1094 2795 1529 2874 quamprimum
1558 2804 1715 2856 emet
1747 2814 1885 2856 cum
1923 2794 2058 2854 aliis
2081 2794 2288 2854 trium-
2363 2760 2428 2811 pp
2476 2762 2529 2796 η’

382 2891 711 2973 phaturus.'

462 2995 565 3050 48.
610 2986 938 3048 Mordebat
976 3007 1079 3047 eos
1110 2986 1227 3046 hoc
1269 3007 1505 3067 quoque
1529 2985 1780 3058 dictum,
1807 2995 1872 3046 et
1893 2985 2082 3067 pudor
2113 2987 2288 3048 simul

378 3094 689 3166 metusque
710 3085 971 3144 intrabat
996 3083 1247 3154 animos,
1264 3084 1313 3143 si
1334 3083 1413 3144 ad
1430 3083 1579 3145 alios
1596 3084 1927 3166 perveniret
1946 3103 2068 3144 suae
2097 3104 2290 3165 operae

384 3182 622 3243 debitus
644 3182 871 3256 ,honor3
914 3179 1029 3262 ipsi
1070 3178 1333 3240 adversis
1360 3181 1623 3261 partibus
1646 3181 1839 3252 exosi,
1875 3181 1996 3240 suis
2020 3179 2290 3253 fastiditi,

383 3280 509 3341 vile
531 3279 767 3358 vulgus,
802 3286 1137 3358 spectarent
1170 3277 1551 3358 triumphum,
1578 3296 1757 3356 quem
1796 3276 2014 3337 ducere
2054 3276 2292 3338 debuis-

381 3385 534 3438 sent.
619 3375 813 3436 Simul
838 3375 1265 3436 existimabant
1288 3373 1479 3435 lenius
1514 3383 1781 3434 acturum
1807 3373 2128 3447 Caesarem,
2167 3377 2293 3437 sive

381 3493 555 3534 suum
583 3474 880 3554 ingenium
910 3471 1037 3544 ille,
1064 3473 1193 3533 sive
1218 3479 1563 3552 praesentem
1588 3470 1996 3532 necessitatem
2023 3493 2293 3552 sequere-

384 3579 503 3632 tur.
588 3569 712 3631 Sed
740 3570 865 3640 ille,
908 3578 1145 3630 tacente
1188 3568 1401 3640 milite,
1444 3569 1652 3629 amicis
1675 3569 2003 3640 orantibus,
2045 3588 2118 3629 ne
2157 3589 2294 3629 cum

384 3677 509 3728 tam
546 3667 810 3727 tristibus
844 3666 1023 3726 dictis
1065 3663 1417 3736 discederet,
1460 3667 1671 3724 iterum
1714 3685 1980 3737 exorsus,
2024 3665 2294 3732 Quirites

390 3764 739 3847 appellavit.
826 3762 971 3824 Hoc
997 3762 1089 3823 illi
1114 3783 1231 3823 non
1258 3761 1531 3835 ferentes,
1557 3761 1980 3844 responderunt
2004 3770 2022 3799 ‘
2051 3783 2115 3823 se
2135 3761 2289 3824 mili·
2346 3773 2464 3824 Tac.
2489 3790 2528 3822 ι.
2559 3837 2570 3844 ἣ

388 3873 480 3924 tes
505 3863 679 3933 esse,'
722 3860 1183 3942 poenitentiaque
1224 3859 1481 3940 priorum
1522 3860 1802 3940 correpu',
1846 3879 2052 3938 rogare
2097 3880 2291 3941 coepe-
2315 3838 2450 3951 ssffi·
2466 3843 2571 3952 *ὥσ

390 3970 551 4032 runt,
601 3969 620 3997 ⁸
649 3968 718 4019 ut
750 3959 864 4019 sibi
902 3977 1075 4039 porro
1114 3955 1369 4016 militare
1402 3955 1647 4020 liceret:
1689 3975 1754 4016 se
1793 3956 1975 4028 solos,
2009 3958 2136 4016 sine
2161 3957 2296 4017 aliis
2316 3937 2519 4018 Suetbu.
2573 3934 2588 3950 ⁸

384 4059 599 4139 copiis,
641 4056 869 4116 bellum
904 4053 1263 4128 Africanum
1298 4073 1371 4114 eo
1409 4055 1760 4135 imperatore
1784 4053 2096 4135 profligare
2122 4074 2293 4136 para·
2319 4032 2539 4147 ssfflffffl·

386 4165 479 4216 tos
504 4153 677 4215 esse!

468 4258 571 4312 49.
616 4245 711 4310 At
738 4247 965 4318 Caesar‚
993 4246 1135 4308 licet
1164 4249 1223 4307 ei
1248 4248 1473 4326 gratius
1496 4247 1766 4308 accidere
1805 4246 1951 4308 nihil
1992 4247 2298 4329 potuisset,
2327 4261 2540 4329 Appian.

384 4349 616 4410 vultum
652 4365 913 4416 servans„
942 4354 1203 4406 avertere
1244 4366 1331 4416 se,
1372 4353 1437 4406 et
1475 4343 1832 4406 descendere
1871 4344 1948 4405 de
1989 4343 2295 4406 tribunali.
