3300 5234
805 2909 1023 2962 Frontin.

768 2975 915 3025 stm.
936 2993 1022 3028 111.

772 3043 852 3089 1⁷.

771 3103 901 3157 Caes.

1755 559 1824 610 Τ.
1871 559 2071 610 lell

1099 709 1292 762 erant.
1378 701 1486 764 Ad
1520 703 1652 764 haec
1689 701 2088 788 expugnanda
2119 721 2324 764 omnes
2355 701 2420 762 hi
2449 699 2680 785 populi,
2705 701 2837 764 aliis
2859 723 3016 786 quo·

1104 818 1221 880 que
1252 799 1465 860 vicinis
1496 800 1769 880 adjectis,
1805 821 2024 880 magna
2054 819 2192 862 cum
2233 800 2614 862 multitudine
2653 810 3010 863 armatorum

1102 905 1493 958 accesserunt.
1596 897 1909 978 Hybernis
1959 898 2044 966 Q.
2091 897 2304 959 Cicero
2354 907 2628 980 praeerat,
2673 899 3012 980 nequedum

1102 993 1311 1054 audito
1352 994 1571 1056 Titurii
1612 1015 1779 1066 casu,
1820 1013 2042 1055 vacuus
2078 996 2257 1056 curis.
2341 994 2562 1077 Itaque
2603 996 2822 1058 milites
2863 1017 3012 1060 non·

1101 1089 1275 1162 nulli,
1316 1111 1463 1172 quos
1500 1091 1839 1172 lignationis
1873 1091 2330 1172 munitionisque
2369 1112 2553 1154 causa
2585 1094 2648 1152 in
2681 1093 2884 1174 sylvas
2915 1094 3010 1154 di·

1100 1187 1363 1261 miserat,
1388 1189 1585 1249 subito
1610 1187 1866 1248 bostium
1889 1186 2148 1248 adventu
2175 1197 2314 1248 sunt
2335 1191 2594 1270 excepti.
2679 1189 2854 1250 Hinc
2877 1211 3010 1252 cas—

1100 1292 1319 1346 trorum
1366 1306 1471 1367 per
1513 1285 1850 1366 complures
1891 1284 2019 1346 dies
2065 1286 2416 1346 continuata
2465 1288 2850 1367 oppugnatio,
2901 1287 3010 1348 sed

1094 1400 1327 1442 summa
1361 1383 1577 1442 virtute
1605 1381 1914 1442 Ciceronis
1937 1390 2000 1441 et
2023 1381 2278 1442 militum
2304 1381 2501 1442 hostes
2521 1381 2775 1464 repulsi:
2819 1382 3013 1444 donec

1105 1475 1445 1540 Verticonis
1484 1477 1708 1539 Nervii
1745 1477 1911 1538 fideli
1943 1498 2125 1559 opera
2149 1478 2311 1555 (nam
2351 1479 2401 1538 is
2433 1499 2600 1540 servo
2639 1499 2746 1540 suo
2779 1482 3014 1559 magnis

1099 1574 1357 1652 praemiis
1390 1584 1782 1656 persuaserat,
1809 1585 1878 1635 ut
1911 1575 2114 1636 literas
2153 1574 2460 1656 perferret)
2497 1574 2727 1648 caesar,
2755 1596 3012 1658 praesen-

1102 1670 1261 1731 tibus
1285 1673 1459 1732 rebus
1482 1672 1756 1752 cognitis,
1781 1692 2119 1733 succurrere
2155 1671 2624 1752 periclitantibus
2649 1675 2860 1754 potuit.

1182 1775 1284 1828 14.
1327 1768 1395 1828 Is
1436 1770 1615 1849 igitur
1650 1767 1828 1830 solita
1863 1767 2166 1830 celeritate
2203 1789 2340 1829 cum
2381 1768 2713 1848 legionibus
2753 1770 3009 1846 duabus,

1101 1864 1243 1943 quia
1279 1865 1609 1928 Labienum
1648 1865 1880 1927 Treviri
1917 1886 2054 1927 cum
2083 1867 2354 1926 omnibus
2397 1867 2585 1947 copiis
2619 1867 2699 1928 ad
2736 1871 2868 1947 eJus
2892 1868 3010 1948 hy-

1100 1959 1283 2021 berna
1328 1961 1577 2043 profecti
1615 1963 1975 2034 retinebant,
2017 1963 2078 2023 in
2115 1962 2382 2024 Nervios
2418 1963 2746 2034 contendit,
2783 1963 3010 2025 adven-

1050 2105 1057 2112 .
1098 2065 1341 2138 tumque
1364 2080 1536 2120 suum
1563 2059 1842 2120 Ciceroni
1867 2059 2090 2120 Graeca
2132 2059 2406 2142 epistola,
2436 2081 2510 2119 ne
2545 2060 2874 2142 intercepta
2911 2063 3006 2122 in-

1098 2156 1461 2236 telligeretur
1500 2157 1579 2217 ab
1624 2158 1912 2229 hostibus,
1957 2157 2207 2218 nuntiat.
2293 2157 2448 2218 Eam
2497 2156 2718 2217 Gallus
2759 2158 3010 2237 quidam

1098 2273 1303 2332 eques,
1330 2275 1437 2337 per
1460 2255 1836 2337 popularium
1861 2262 2058 2316 castra
2081 2256 2206 2314 sine
2231 2254 2561 2336 suspicione
2585 2263 3005 2335 transgressus,

1100 2349 1407 2430 alligatam
1436 2353 1685 2432 tragulae
1711 2353 1866 2412 intra
1887 2352 2116 2412 vallum
2140 2353 2322 2412 misit.

1178 2455 1279 2510 15.
1314 2449 1518 2522 Galli,
1561 2450 1816 2510 Caesaris
1855 2448 2114 2510 adventu
2155 2470 2260 2530 per
2299 2450 2704 2531 exploratores
2739 2449 3006 2530 cognito,

1094 2546 1306 2608 relicta
1329 2547 1657 2618 obsidione,
1686 2568 1824 2608 cum
1851 2548 2125 2608 omnibus
2161 2547 2369 2627 copiis,
2407 2547 2708 2608 hominum
2742 2547 3010 2610 millibus

1096 2644 1279 2706 ferme
1326 2647 1661 2724 sexaginta,
1699 2646 1936 2706 obviam
1983 2644 2328 2725 procedunt.
2431 2643 2744 2722 Romanus
2785 2645 3010 2706 viribus

1096 2741 1307 2822 impar,
1332 2743 1580 2804 consilio
1613 2743 1834 2823 potior,
1865 2751 1932 2802 ut
1954 2742 2184 2803 bostem
2220 2743 2292 2801 in'
2307 2751 2674 2802 contemtum
2697 2743 2786 2802 sui
2813 2741 3008 2804 addu-

1096 2849 1277 2912 ceret,
1296 2849 1493 2900 castra
1518 2860 1621 2920 per
1645 2859 1708 2898 se
1733 2849 1972 2920 propter
1995 2841 2358 2920 paucitatem
2383 2849 2740 2900 armatorum
2759 2841 3006 2918 exigua,

1096 2937 1277 2998 etiam
1302 2937 1381 2997 de
1407 2935 1698 2998 industria
1725 2938 2036 2998 contrahit.
2121 2937 2220 2998 Ea
2243 2937 2544 2998 simulatio
2567 2938 2792 2998 timoris
2822 2936 3006 2998 dece·

1096 3033 1185 3114 pit
1212 3033 1449 3105 Gallos,
1476 3043 1545 3093 ut
1568 3043 1852 3114 tanquam
1879 3033 1956 3093 ad
1981 3033 2220 3094 facilem
2245 3033 2509 3114 praedam
2555 3035 2616 3094 in
2655 3033 2852 3094 locum
2890 3035 3003 3092 ini-

1094 3149 1277 3209 quum
1321 3130 1704 3191 succederent
1745 3139 1941 3190 castra
1975 3131 2407 3211 oppugnatur-R
2453 3151 2619 3202 mox,
2659 3139 3004 3211 erumpente

1094 3229 1280 3306 portis
1326 3228 1597 3288 omnibus
1633 3227 1916 3287 Romano
1955 3228 2243 3300 exercitu,
2287 3237 2572 3307 tanquam
2616 3228 2816 3288 subito
2855 3247 3002 3288 casu

1092 3325 1351 3396 attoniti,
1370 3326 1597 3403 majore
1622 3325 2094 3385 consternatione
2115 3323 2598 3404 percellerentur,
2619 3343 2800 3405 quam
2819 3322 3004 3404 paulo

1090 3429 1231 3480 ante
1256 3418 1479 3481 fiducia
1501 3421 1939 3482 exaltaverant.
2025 3420 2286 3498 Magnus
2325 3421 2515 3499 primo
2551 3421 2773 3500 impetu
2813 3421 3000 3480 inter-

1088 3514 1281 3576 fectus
1302 3527 1393 3577 est
1418 3538 1714 3589 numeruS,
1753 3519 1936 3578 ceteri
1973 3516 2151 3576 armis
2181 3517 2438 3595 abjectis
2467 3517 2760 3595 fugerunt.
2844 3515 2998 3578 Vic-

1090 3613 1255 3673 toriae
1280 3634 1477 3676 rumor
1500 3615 1836 3676 incredibili
1875 3615 2177 3676 eeleritate
2217 3613 2478 3694 perlatus
2505 3613 2564 3672 in
2593 3613 2844 3686 Remos,
2889 3613 3000 3674 In-

1088 3709 1507 3784 dutiomarum,
1554 3713 1660 3792 qui
1707 3723 1940 3793 postero
1978 3712 2078 3772 die
2117 3718 2314 3772 castra
2359 3711 2610 3770 Labieni
2651 3731 2996 3791 oppugnare

1087 3810 1497 3882 constituerat,
1552 3811 1638 3870 ita
1693 3808 2117 3890 perterrefecit,
2173 3817 2240 3868 ut
2287 3807 2498 3868 eadem
2547 3816 2724 3870 nocte
2790 3808 2996 3889 profu·-

1088 3915 1271 3984 geret.

1172 4009 1269 4063 16.
1312 4001 1409 4063 At
1452 4003 1627 4084 longe
1676 4003 1912 4065 diversa
1957 4004 2018 4063 in
2061 4003 2239 4064 simili
2272 4001 2572 4083 proposito
2615 4000 2854 4062 fortuna
2897 4001 2992 4062 Μ.

1089 4097 1307 4160 Crasso
1332 4098 1466 4161 fuit.
1549 4101 1619 4162 Is
1643 4121 1903 4182 quoque,
1933 4100 2188 4161 Caesaris
2221 4099 2619 4170 oemulatione,
2648 4098 2845 4176 magni
2879 4097 2992 4157 du·

1082 4196 1175 4256 cis
1198 4215 1408 4257 nomen
1446 4199 1890 4278 potentiamque
1935 4196 2113 4257 bellis
2157 4195 2418 4256 serendis
2453 4195 2737 4276 aucupari
2769 4203 2988 4265 certus,

1082 4301 1397 4374 postquam
1421 4303 1698 4376 pacatam
1737 4294 1976 4374 Syriam
2003 4294 2190 4365 videt,
2216 4313 2380 4354 arma
2416 4293 2684 4364 Parthis,
2707 4291 2859 4352 licet
2883 4311 2986 4353 ne-

1078 4409 1201 4470 que
1235 4409 1419 4454 causa
1458 4397 1612 4454 esset
1634 4391 1806 4468 belli,
1833 4411 2026 4474 neque
2054 4399 2292 4454 senatus
2317 4399 2526 4453 auctor
2556 4389 2868 4462 extitisset,
2896 4387 2986 4449 ia-
