<?xml version="1.0" encoding="UTF-8"?>
<!DOCTYPE html PUBLIC "-//W3C//DTD XHTML 1.0 Transitional//EN"
    "http://www.w3.org/TR/xhtml1/DTD/xhtml1-transitional.dtd">
<html xmlns="http://www.w3.org/1999/xhtml" xml:lang="en" lang="en">
 <head>
  <title>
</title>
<meta http-equiv="Content-Type" content="text/html;charset=utf-8" />
  <meta name='ocr-system' content='tesseract 3.04.00' />
  <meta name='ocr-capabilities' content='ocr_page ocr_carea ocr_par ocr_line ocrx_word'/>
</head>
<body>
  <div class='ocr_page' id='page_1' title='image "./tliviipatavinih35unkngoog/tliviipatavinih35unkngoog_0167.png"; bbox 0 0 3300 5234; ppageno 0'>
   <div class='ocr_carea' id='block_1_1' title="bbox 826 539 2510 649">
    <p class='ocr_par' dir='ltr' id='par_1_1' title="bbox 826 539 2510 649">
     <span class='ocr_line' id='line_1_1' title="bbox 826 539 2510 649; baseline -0.004 0"><span class='ocrx_word' id='word_1_1' title='bbox 826 593 1033 649; x_wconf 73' lang='lat' dir='ltr'><strong>mum</strong></span> <span class='ocrx_word' id='word_1_2' title='bbox 1083 595 1271 646; x_wconf 84' lang='lat' dir='ltr'><strong>ovn.</strong></span> <span class='ocrx_word' id='word_1_3' title='bbox 1314 595 1963 647; x_wconf 69' lang='lat' dir='ltr'><strong>surrtnnnwruu.</strong></span> <span class='ocrx_word' id='word_1_4' title='bbox 2189 539 2196 550; x_wconf 37' lang='lat'><em>⁶</em></span> <span class='ocrx_word' id='word_1_5' title='bbox 2335 573 2510 642; x_wconf 82' lang='lat'>5109</span> 
     </span>
    </p>
   </div>
   <div class='ocr_carea' id='block_1_2' title="bbox 268 733 2514 4401">
    <p class='ocr_par' dir='ltr' id='par_1_2' title="bbox 268 733 2195 1889">
     <span class='ocr_line' id='line_1_2' title="bbox 273 733 2180 819; baseline -0.003 -19"><span class='ocrx_word' id='word_1_6' title='bbox 273 741 427 800; x_wconf 86' lang='lat' dir='ltr'><strong>enim</strong></span> <span class='ocrx_word' id='word_1_7' title='bbox 454 749 561 799; x_wconf 90' lang='lat' dir='ltr'><strong>aut</strong></span> <span class='ocrx_word' id='word_1_8' title='bbox 581 759 890 800; x_wconf 79' lang='lat' dir='ltr'><strong>evasuram</strong></span> <span class='ocrx_word' id='word_1_9' title='bbox 914 759 992 798; x_wconf 85' lang='lat' dir='ltr'><strong>ex</strong></span> <span class='ocrx_word' id='word_1_10' title='bbox 1018 737 1111 796; x_wconf 83' lang='lat' dir='ltr'><strong>his</strong></span> <span class='ocrx_word' id='word_1_11' title='bbox 1136 737 1311 798; x_wconf 88' lang='lat' dir='ltr'><strong>malis</strong></span> <span class='ocrx_word' id='word_1_12' title='bbox 1334 737 1797 819; x_wconf 83' lang='lat' dir='ltr'><strong>rempublicam3</strong></span> <span class='ocrx_word' id='word_1_13' title='bbox 1843 746 1970 810; x_wconf 84' lang='lat' dir='ltr'><strong>aut,</strong></span> <span class='ocrx_word' id='word_1_14' title='bbox 1995 737 2047 796; x_wconf 87' lang='lat' dir='ltr'><strong>si</strong></span> <span class='ocrx_word' id='word_1_15' title='bbox 2073 733 2180 796; x_wconf 89' lang='lat' dir='ltr'><strong>do-</strong></span> 
     </span>
     <span class='ocr_line' id='line_1_3' title="bbox 270 835 2184 919; baseline -0.002 -23"><span class='ocrx_word' id='word_1_16' title='bbox 270 839 463 898; x_wconf 88' lang='lat' dir='ltr'><strong>minus</strong></span> <span class='ocrx_word' id='word_1_17' title='bbox 502 835 847 898; x_wconf 87' lang='lat' dir='ltr'><strong>tolerandus</strong></span> <span class='ocrx_word' id='word_1_18' title='bbox 890 837 991 906; x_wconf 91' lang='lat' dir='ltr'><strong>sit,</strong></span> <span class='ocrx_word' id='word_1_19' title='bbox 1031 837 1257 919; x_wconf 85' lang='lat' dir='ltr'><strong>optimo</strong></span> <span class='ocrx_word' id='word_1_20' title='bbox 1310 836 1664 896; x_wconf 63' lang='lat' dir='ltr'><strong>servituros!</strong></span> <span class='ocrx_word' id='word_1_21' title='bbox 1751 835 1848 896; x_wconf 85' lang='lat' dir='ltr'><strong>Ba</strong></span> <span class='ocrx_word' id='word_1_22' title='bbox 1892 835 2184 896; x_wconf 85' lang='lat' dir='ltr'><strong>sententia</strong></span> 
     </span>
     <span class='ocr_line' id='line_1_4' title="bbox 270 932 2181 1014; baseline -0.002 -20"><span class='ocrx_word' id='word_1_23' title='bbox 270 955 403 995; x_wconf 87' lang='lat' dir='ltr'><strong>cum</strong></span> <span class='ocrx_word' id='word_1_24' title='bbox 430 943 495 994; x_wconf 90' lang='lat' dir='ltr'><strong>et</strong></span> <span class='ocrx_word' id='word_1_25' title='bbox 518 955 582 994; x_wconf 89' lang='lat' dir='ltr'><strong>re</strong></span> <span class='ocrx_word' id='word_1_26' title='bbox 606 944 673 994; x_wconf 90' lang='lat' dir='ltr'><strong>et</strong></span> <span class='ocrx_word' id='word_1_27' title='bbox 694 935 775 993; x_wconf 92' lang='lat' dir='ltr'><strong>ob</strong></span> <span class='ocrx_word' id='word_1_28' title='bbox 804 941 1104 993; x_wconf 82' lang='lat' dir='ltr'><strong>auctorem</strong></span> <span class='ocrx_word' id='word_1_29' title='bbox 1144 953 1303 993; x_wconf 77' lang='lat' dir='ltr'><strong>nova</strong></span> <span class='ocrx_word' id='word_1_30' title='bbox 1340 932 1658 1003; x_wconf 82' lang='lat' dir='ltr'><strong>videretur,</strong></span> <span class='ocrx_word' id='word_1_31' title='bbox 1701 933 1864 1014; x_wconf 87' lang='lat' dir='ltr'><strong>quod</strong></span> <span class='ocrx_word' id='word_1_32' title='bbox 1901 933 2181 1013; x_wconf 87' lang='lat' dir='ltr'><strong>Pompeii</strong></span> 
     </span>
     <span class='ocr_line' id='line_1_5' title="bbox 269 1027 2186 1113; baseline -0.002 -21"><span class='ocrx_word' id='word_1_33' title='bbox 269 1031 552 1113; x_wconf 72' lang='lat' dir='ltr'><strong>dignitati</strong></span> <span class='ocrx_word' id='word_1_34' title='bbox 592 1029 940 1091; x_wconf 82' lang='lat' dir='ltr'><strong>adversatus</strong></span> <span class='ocrx_word' id='word_1_35' title='bbox 978 1039 1157 1090; x_wconf 85' lang='lat' dir='ltr'><strong>antea</strong></span> <span class='ocrx_word' id='word_1_36' title='bbox 1194 1049 1425 1112; x_wconf 86' lang='lat' dir='ltr'><strong>semper</strong></span> <span class='ocrx_word' id='word_1_37' title='bbox 1468 1029 1726 1090; x_wconf 88' lang='lat' dir='ltr'><strong>Bibulus</strong></span> <span class='ocrx_word' id='word_1_38' title='bbox 1763 1027 1974 1100; x_wconf 81' lang='lat' dir='ltr'><strong>fuerat,</strong></span> <span class='ocrx_word' id='word_1_39' title='bbox 2025 1029 2186 1090; x_wconf 81' lang='lat' dir='ltr'><strong>Cato</strong></span> 
     </span>
     <span class='ocr_line' id='line_1_6' title="bbox 268 1125 2186 1208; baseline -0.001 -18"><span class='ocrx_word' id='word_1_40' title='bbox 268 1128 625 1200; x_wconf 77' lang='lat' dir='ltr'>exsurrexit,</span> <span class='ocrx_word' id='word_1_41' title='bbox 666 1127 931 1188; x_wconf 83' lang='lat' dir='ltr'><strong>omnium</strong></span> <span class='ocrx_word' id='word_1_42' title='bbox 956 1127 1233 1208; x_wconf 88' lang='lat' dir='ltr'><strong>opinione</strong></span> <span class='ocrx_word' id='word_1_43' title='bbox 1261 1137 1705 1208; x_wconf 75' lang='lat' dir='ltr'><strong>repugnaturus,</strong></span> <span class='ocrx_word' id='word_1_44' title='bbox 1729 1125 1895 1208; x_wconf 88' lang='lat' dir='ltr'><strong>quod</strong></span> <span class='ocrx_word' id='word_1_45' title='bbox 1921 1135 1984 1186; x_wconf 87' lang='lat' dir='ltr'><strong>et</strong></span> <span class='ocrx_word' id='word_1_46' title='bbox 2007 1137 2186 1188; x_wconf 81' lang='lat' dir='ltr'><strong>antea</strong></span> 
     </span>
     <span class='ocr_line' id='line_1_7' title="bbox 272 1221 2184 1307; baseline -0.001 -22"><span class='ocrx_word' id='word_1_47' title='bbox 272 1225 633 1307; x_wconf 81' lang='lat' dir='ltr'><strong>Pompeium</strong></span> <span class='ocrx_word' id='word_1_48' title='bbox 655 1225 909 1288; x_wconf 76' lang='lat' dir='ltr'><strong>comitiis</strong></span> <span class='ocrx_word' id='word_1_49' title='bbox 948 1221 1393 1304; x_wconf 76' lang='lat' dir='ltr'><strong>praeficiendum</strong></span> <span class='ocrx_word' id='word_1_50' title='bbox 1422 1223 1799 1304; x_wconf 88' lang='lat' dir='ltr'><strong>jubentibus,</strong></span> <span class='ocrx_word' id='word_1_51' title='bbox 1827 1231 1846 1260; x_wconf 79' lang='lat'>⁶</span> <span class='ocrx_word' id='word_1_52' title='bbox 1877 1243 1994 1284; x_wconf 90' lang='lat' dir='ltr'><strong>non</strong></span> <span class='ocrx_word' id='word_1_53' title='bbox 2035 1223 2184 1304; x_wconf 88' lang='lat' dir='ltr'><strong>legi·</strong></span> 
     </span>
     <span class='ocr_line' id='line_1_8' title="bbox 270 1319 2182 1403; baseline -0.001 -21"><span class='ocrx_word' id='word_1_54' title='bbox 270 1324 379 1382; x_wconf 86' lang='lat' dir='ltr'><strong>bus</strong></span> <span class='ocrx_word' id='word_1_55' title='bbox 406 1323 467 1382; x_wconf 92' lang='lat' dir='ltr'><strong>in</strong></span> <span class='ocrx_word' id='word_1_56' title='bbox 494 1321 817 1403; x_wconf 83' lang='lat' dir='ltr'><strong>Pompeio,</strong></span> <span class='ocrx_word' id='word_1_57' title='bbox 852 1321 956 1382; x_wconf 87' lang='lat' dir='ltr'><strong>sed</strong></span> <span class='ocrx_word' id='word_1_58' title='bbox 997 1319 1295 1401; x_wconf 87' lang='lat' dir='ltr'><strong>Pompeio</strong></span> <span class='ocrx_word' id='word_1_59' title='bbox 1332 1321 1393 1381; x_wconf 92' lang='lat' dir='ltr'><strong>in</strong></span> <span class='ocrx_word' id='word_1_60' title='bbox 1436 1320 1668 1400; x_wconf 84' lang='lat' dir='ltr'><strong>legibus</strong></span> <span class='ocrx_word' id='word_1_61' title='bbox 1691 1320 2032 1402; x_wconf 74' lang='lat' dir='ltr'><strong>praesidium</strong></span> <span class='ocrx_word' id='word_1_62' title='bbox 2055 1341 2182 1381; x_wconf 81' lang='lat' dir='ltr'><strong>esse</strong></span> 
     </span>
     <span class='ocr_line' id='line_1_9' title="bbox 268 1415 2182 1502; baseline -0.001 -22"><span class='ocrx_word' id='word_1_63' title='bbox 268 1420 577 1502; x_wconf 58' lang='lat' dir='ltr'><strong>oportere:</strong></span> <span class='ocrx_word' id='word_1_64' title='bbox 616 1417 1016 1500; x_wconf 86' lang='lat' dir='ltr'><strong>responderat.</strong></span> <span class='ocrx_word' id='word_1_65' title='bbox 1104 1415 1229 1478; x_wconf 85' lang='lat' dir='ltr'><strong>Sed</strong></span> <span class='ocrx_word' id='word_1_66' title='bbox 1267 1417 1392 1488; x_wconf 88' lang='lat' dir='ltr'><strong>ille,</strong></span> <span class='ocrx_word' id='word_1_67' title='bbox 1437 1429 1455 1454; x_wconf 90' lang='lat'>‘</span> <span class='ocrx_word' id='word_1_68' title='bbox 1482 1417 1716 1490; x_wconf 88' lang='lat' dir='ltr'><strong>Hanc,&#39;</strong></span> <span class='ocrx_word' id='word_1_69' title='bbox 1745 1417 1960 1498; x_wconf 77' lang='lat' dir='ltr'><strong>inquit,</strong></span> <span class='ocrx_word' id='word_1_70' title='bbox 2003 1428 2022 1456; x_wconf 85' lang='lat'>‘</span> <span class='ocrx_word' id='word_1_71' title='bbox 2051 1439 2182 1478; x_wconf 80' lang='lat' dir='ltr'><strong>sen·</strong></span> 
     </span>
     <span class='ocr_line' id='line_1_10' title="bbox 272 1514 2184 1596; baseline 0 -20"><span class='ocrx_word' id='word_1_72' title='bbox 272 1517 521 1576; x_wconf 84' lang='lat' dir='ltr'><strong>tentiam</strong></span> <span class='ocrx_word' id='word_1_73' title='bbox 549 1535 665 1576; x_wconf 88' lang='lat' dir='ltr'><strong>non</strong></span> <span class='ocrx_word' id='word_1_74' title='bbox 690 1535 851 1576; x_wconf 86' lang='lat' dir='ltr'><strong>eram</strong></span> <span class='ocrx_word' id='word_1_75' title='bbox 881 1515 1149 1576; x_wconf 77' lang='lat' dir='ltr'><strong>dicturus</strong></span> <span class='ocrx_word' id='word_1_76' title='bbox 1187 1515 1387 1596; x_wconf 85' lang='lat' dir='ltr'><strong>prior:</strong></span> <span class='ocrx_word' id='word_1_77' title='bbox 1428 1515 1535 1576; x_wconf 85' lang='lat' dir='ltr'><strong>sed</strong></span> <span class='ocrx_word' id='word_1_78' title='bbox 1576 1515 1801 1576; x_wconf 84' lang='lat' dir='ltr'><strong>dictam</strong></span> <span class='ocrx_word' id='word_1_79' title='bbox 1841 1515 1921 1575; x_wconf 89' lang='lat' dir='ltr'><strong>ab</strong></span> <span class='ocrx_word' id='word_1_80' title='bbox 1947 1514 2068 1578; x_wconf 85' lang='lat' dir='ltr'><strong>alio</strong></span> <span class='ocrx_word' id='word_1_81' title='bbox 2095 1535 2184 1576; x_wconf 85' lang='lat' dir='ltr'><strong>se·</strong></span> 
     </span>
     <span class='ocr_line' id='line_1_11' title="bbox 274 1613 2185 1696; baseline -0.002 -19"><span class='ocrx_word' id='word_1_82' title='bbox 274 1637 443 1696; x_wconf 88' lang='lat' dir='ltr'><strong>quor,</strong></span> <span class='ocrx_word' id='word_1_83' title='bbox 466 1625 529 1676; x_wconf 87' lang='lat' dir='ltr'><strong>et</strong></span> <span class='ocrx_word' id='word_1_84' title='bbox 554 1615 837 1695; x_wconf 88' lang='lat' dir='ltr'><strong>approbo.</strong></span> <span class='ocrx_word' id='word_1_85' title='bbox 884 1614 1237 1680; x_wconf 84' lang='lat' dir='ltr'><strong>Quemlibet</strong></span> <span class='ocrx_word' id='word_1_86' title='bbox 1256 1615 1317 1675; x_wconf 90' lang='lat' dir='ltr'><strong>in</strong></span> <span class='ocrx_word' id='word_1_87' title='bbox 1344 1613 1519 1674; x_wconf 90' lang='lat' dir='ltr'><strong>Urbe</strong></span> <span class='ocrx_word' id='word_1_88' title='bbox 1544 1615 1976 1694; x_wconf 86' lang='lat' dir='ltr'><strong>magistratum,</strong></span> <span class='ocrx_word' id='word_1_89' title='bbox 2003 1633 2185 1695; x_wconf 87' lang='lat' dir='ltr'><strong>quam</strong></span> 
     </span>
     <span class='ocr_line' id='line_1_12' title="bbox 274 1709 2195 1794; baseline 0.001 -24"><span class='ocrx_word' id='word_1_90' title='bbox 274 1713 505 1772; x_wconf 90' lang='lat' dir='ltr'><strong>nullum</strong></span> <span class='ocrx_word' id='word_1_91' title='bbox 540 1731 666 1772; x_wconf 85' lang='lat' dir='ltr'><strong>esse</strong></span> <span class='ocrx_word' id='word_1_92' title='bbox 702 1719 941 1792; x_wconf 70' lang='lat' dir='ltr'><strong>praestat</strong></span> <span class='ocrx_word' id='word_1_93' title='bbox 956 1731 973 1781; x_wconf 99' lang='lat'>3</span> <span class='ocrx_word' id='word_1_94' title='bbox 1018 1719 1083 1770; x_wconf 90' lang='lat' dir='ltr'><strong>et</strong></span> <span class='ocrx_word' id='word_1_95' title='bbox 1114 1711 1473 1794; x_wconf 87' lang='lat' dir='ltr'><strong>Pompeium</strong></span> <span class='ocrx_word' id='word_1_96' title='bbox 1510 1709 1786 1792; x_wconf 87' lang='lat' dir='ltr'><strong>quolibet</strong></span> <span class='ocrx_word' id='word_1_97' title='bbox 1815 1709 1936 1770; x_wconf 88' lang='lat' dir='ltr'><strong>alio</strong></span> <span class='ocrx_word' id='word_1_98' title='bbox 1967 1711 2195 1772; x_wconf 82' lang='lat' dir='ltr'><strong>rectius.</strong></span> 
     </span>
     <span class='ocr_line' id='line_1_13' title="bbox 274 1804 1275 1889; baseline -0.002 -21"><span class='ocrx_word' id='word_1_99' title='bbox 274 1828 513 1868; x_wconf 80' lang='lat' dir='ltr'><strong>usurum</strong></span> <span class='ocrx_word' id='word_1_100' title='bbox 538 1809 653 1867; x_wconf 83' lang='lat' dir='ltr'><strong>hac</strong></span> <span class='ocrx_word' id='word_1_101' title='bbox 682 1817 971 1889; x_wconf 74' lang='lat' dir='ltr'><strong>potestate</strong></span> <span class='ocrx_word' id='word_1_102' title='bbox 995 1804 1275 1869; x_wconf 62' lang='lat' dir='ltr'><strong>confido?</strong></span> 
     </span>
    </p>

    <p class='ocr_par' dir='ltr' id='par_1_3' title="bbox 272 1901 2514 3723">
     <span class='ocr_line' id='line_1_14' title="bbox 350 1901 2181 1984; baseline 0 -20"><span class='ocrx_word' id='word_1_103' title='bbox 350 1911 455 1964; x_wconf 77' lang='lat'><strong>30.</strong></span> <span class='ocrx_word' id='word_1_104' title='bbox 502 1903 627 1963; x_wconf 88' lang='lat' dir='ltr'><strong>His</strong></span> <span class='ocrx_word' id='word_1_105' title='bbox 667 1905 1005 1964; x_wconf 87' lang='lat' dir='ltr'><strong>auctoribus</strong></span> <span class='ocrx_word' id='word_1_106' title='bbox 1054 1903 1269 1983; x_wconf 84' lang='lat' dir='ltr'><strong>reliqui</strong></span> <span class='ocrx_word' id='word_1_107' title='bbox 1310 1911 1509 1984; x_wconf 84' lang='lat' dir='ltr'><strong>patres</strong></span> <span class='ocrx_word' id='word_1_108' title='bbox 1542 1901 1704 1964; x_wconf 86' lang='lat' dir='ltr'><strong>baud</strong></span> <span class='ocrx_word' id='word_1_109' title='bbox 1748 1905 2036 1982; x_wconf 76' lang='lat' dir='ltr'><strong>gravatim</strong></span> <span class='ocrx_word' id='word_1_110' title='bbox 2071 1923 2181 1964; x_wconf 87' lang='lat' dir='ltr'><strong>an-</strong></span> 
     </span>
     <span class='ocr_line' id='line_1_15' title="bbox 275 1999 2426 2086; baseline 0 -25"><span class='ocrx_word' id='word_1_111' title='bbox 275 2009 565 2061; x_wconf 88' lang='lat' dir='ltr'><strong>nuerunt:</strong></span> <span class='ocrx_word' id='word_1_112' title='bbox 608 1999 921 2060; x_wconf 86' lang='lat' dir='ltr'><strong>salubriter</strong></span> <span class='ocrx_word' id='word_1_113' title='bbox 958 2009 1317 2082; x_wconf 65' lang='lat' dir='ltr'><strong>temperaaee</strong></span> <span class='ocrx_word' id='word_1_114' title='bbox 1348 1999 1480 2070; x_wconf 79' lang='lat' dir='ltr'><strong>visi,</strong></span> <span class='ocrx_word' id='word_1_115' title='bbox 1508 2008 1575 2058; x_wconf 92' lang='lat' dir='ltr'><strong>ut</strong></span> <span class='ocrx_word' id='word_1_116' title='bbox 1598 2001 1984 2080; x_wconf 76' lang='lat' dir='ltr'><strong>praesentibus</strong></span> <span class='ocrx_word' id='word_1_117' title='bbox 2015 2007 2180 2062; x_wconf 67' lang='lat' dir='ltr'><strong>coer·-</strong></span> <span class='ocrx_word' id='word_1_118' title='bbox 2209 2019 2426 2086; x_wconf 70' lang='lat' dir='ltr'><strong>Appias.</strong></span> 
     </span>
     <span class='ocr_line' id='line_1_16' title="bbox 274 2094 2178 2178; baseline 0 -21"><span class='ocrx_word' id='word_1_119' title='bbox 274 2096 479 2157; x_wconf 84' lang='lat' dir='ltr'><strong>cendis</strong></span> <span class='ocrx_word' id='word_1_120' title='bbox 502 2096 691 2156; x_wconf 88' lang='lat' dir='ltr'><strong>turbis</strong></span> <span class='ocrx_word' id='word_1_121' title='bbox 719 2096 1049 2176; x_wconf 86' lang='lat' dir='ltr'><strong>Pompeius</strong></span> <span class='ocrx_word' id='word_1_122' title='bbox 1073 2096 1383 2176; x_wconf 87' lang='lat' dir='ltr'><strong>imperium</strong></span> <span class='ocrx_word' id='word_1_123' title='bbox 1418 2094 1580 2156; x_wconf 85' lang='lat' dir='ltr'><strong>solus</strong></span> <span class='ocrx_word' id='word_1_124' title='bbox 1604 2096 1872 2168; x_wconf 86' lang='lat' dir='ltr'><strong>haberet,</strong></span> <span class='ocrx_word' id='word_1_125' title='bbox 1897 2105 2178 2178; x_wconf 86' lang='lat' dir='ltr'><strong>tanquam</strong></span> 
     </span>
     <span class='ocr_line' id='line_1_17' title="bbox 272 2189 2182 2272; baseline 0.001 -20"><span class='ocrx_word' id='word_1_126' title='bbox 272 2191 568 2262; x_wconf 87' lang='lat' dir='ltr'><strong>dictator3</strong></span> <span class='ocrx_word' id='word_1_127' title='bbox 614 2191 829 2254; x_wconf 87' lang='lat' dir='ltr'><strong>rationi</strong></span> <span class='ocrx_word' id='word_1_128' title='bbox 864 2201 1063 2252; x_wconf 87' lang='lat' dir='ltr'><strong>tamen</strong></span> <span class='ocrx_word' id='word_1_129' title='bbox 1100 2189 1419 2252; x_wconf 57' lang='lat' dir='ltr'><strong>reddendae</strong></span> <span class='ocrx_word' id='word_1_130' title='bbox 1461 2201 1746 2272; x_wconf 90' lang='lat' dir='ltr'><strong>tanquam</strong></span> <span class='ocrx_word' id='word_1_131' title='bbox 1785 2192 1992 2254; x_wconf 79' lang='lat' dir='ltr'><strong>consul</strong></span> <span class='ocrx_word' id='word_1_132' title='bbox 2027 2201 2182 2254; x_wconf 83' lang='lat' dir='ltr'><strong>esset</strong></span> 
     </span>
     <span class='ocr_line' id='line_1_18' title="bbox 272 2287 2324 2374; baseline 0 -24"><span class='ocrx_word' id='word_1_133' title='bbox 272 2291 588 2351; x_wconf 87' lang='lat' dir='ltr'><strong>obnoxius.</strong></span> <span class='ocrx_word' id='word_1_134' title='bbox 673 2287 867 2350; x_wconf 88' lang='lat' dir='ltr'><strong>Simul</strong></span> <span class='ocrx_word' id='word_1_135' title='bbox 906 2287 1167 2349; x_wconf 84' lang='lat' dir='ltr'><strong>futurum</strong></span> <span class='ocrx_word' id='word_1_136' title='bbox 1212 2289 1515 2360; x_wconf 84' lang='lat' dir='ltr'><strong>rebantur,</strong></span> <span class='ocrx_word' id='word_1_137' title='bbox 1550 2298 1619 2348; x_wconf 91' lang='lat' dir='ltr'><strong>ut</strong></span> <span class='ocrx_word' id='word_1_138' title='bbox 1642 2308 1682 2349; x_wconf 85' lang='lat' dir='ltr'><strong>a</strong></span> <span class='ocrx_word' id='word_1_139' title='bbox 1708 2288 1946 2350; x_wconf 76' lang='lat' dir='ltr'><strong>Coesare</strong></span> <span class='ocrx_word' id='word_1_140' title='bbox 1981 2301 2046 2351; x_wconf 89' lang='lat' dir='ltr'><strong>et</strong></span> <span class='ocrx_word' id='word_1_141' title='bbox 2073 2312 2180 2374; x_wconf 90' lang='lat' dir='ltr'><strong>po-</strong></span> <span class='ocrx_word' id='word_1_142' title='bbox 2205 2307 2324 2358; x_wconf 86' lang='lat' dir='ltr'><strong>Dio.</strong></span> 
     </span>
     <span class='ocr_line' id='line_1_19' title="bbox 274 2374 2508 2496; baseline 0.001 -50"><span class='ocrx_word' id='word_1_143' title='bbox 274 2385 419 2468; x_wconf 86' lang='lat' dir='ltr'><strong>pulo</strong></span> <span class='ocrx_word' id='word_1_144' title='bbox 446 2385 807 2496; x_wconf 82' lang='lat' dir='ltr'><strong>Pompeium</strong></span> <span class='ocrx_word' id='word_1_145' title='bbox 844 2385 1271 2458; x_wconf 74' lang='lat' dir='ltr'><strong>abstraherent,</strong></span> <span class='ocrx_word' id='word_1_146' title='bbox 1318 2387 1549 2446; x_wconf 86' lang='lat' dir='ltr'><strong>senatui</strong></span> <span class='ocrx_word' id='word_1_147' title='bbox 1580 2407 1645 2446; x_wconf 86' lang='lat' dir='ltr'><strong>se</strong></span> <span class='ocrx_word' id='word_1_148' title='bbox 1671 2384 1969 2459; x_wconf 89' lang='lat' dir='ltr'><strong>daturum,</strong></span> <span class='ocrx_word' id='word_1_149' title='bbox 1996 2407 2035 2448; x_wconf 98' lang='lat' dir='ltr'><strong>a</strong></span> <span class='ocrx_word' id='word_1_150' title='bbox 2058 2408 2180 2469; x_wconf 91' lang='lat' dir='ltr'><strong>quo</strong></span> <span class='ocrx_word' id='word_1_151' title='bbox 2208 2374 2341 2424; x_wconf 58' lang='lat' dir='ltr'><strong>vm·</strong></span> <span class='ocrx_word' id='word_1_152' title='bbox 2357 2391 2400 2426; x_wconf 85' lang='lat'><strong>¹¹</strong></span> <span class='ocrx_word' id='word_1_153' title='bbox 2379 2378 2508 2426; x_wconf 71' lang='lat'><strong>&#39;⁶⁶⁴⁷</strong></span> 
     </span>
     <span class='ocr_line' id='line_1_20' title="bbox 275 2480 2185 2564; baseline -0.001 -20"><span class='ocrx_word' id='word_1_154' title='bbox 275 2493 367 2544; x_wconf 84' lang='lat' dir='ltr'><strong>tot</strong></span> <span class='ocrx_word' id='word_1_155' title='bbox 389 2491 631 2542; x_wconf 86' lang='lat' dir='ltr'><strong>ornatus</strong></span> <span class='ocrx_word' id='word_1_156' title='bbox 658 2483 826 2542; x_wconf 82' lang='lat' dir='ltr'><strong>novis</strong></span> <span class='ocrx_word' id='word_1_157' title='bbox 866 2481 1186 2542; x_wconf 87' lang='lat' dir='ltr'><strong>bonoribus</strong></span> <span class='ocrx_word' id='word_1_158' title='bbox 1224 2489 1394 2542; x_wconf 88' lang='lat' dir='ltr'><strong>esset.</strong></span> <span class='ocrx_word' id='word_1_159' title='bbox 1480 2480 1702 2562; x_wconf 80' lang='lat' dir='ltr'>Neque</span> <span class='ocrx_word' id='word_1_160' title='bbox 1742 2483 1964 2543; x_wconf 89' lang='lat' dir='ltr'><strong>tribuni</strong></span> <span class='ocrx_word' id='word_1_161' title='bbox 1993 2484 2185 2564; x_wconf 87' lang='lat' dir='ltr'><strong>plebis</strong></span> 
     </span>
     <span class='ocr_line' id='line_1_21' title="bbox 276 2577 2442 2662; baseline -0.002 -22"><span class='ocrx_word' id='word_1_162' title='bbox 276 2580 711 2662; x_wconf 77' lang='lat' dir='ltr'><strong>repugnabant,</strong></span> <span class='ocrx_word' id='word_1_163' title='bbox 740 2579 867 2659; x_wconf 88' lang='lat' dir='ltr'><strong>ipso</strong></span> <span class='ocrx_word' id='word_1_164' title='bbox 892 2579 979 2640; x_wconf 84' lang='lat' dir='ltr'><strong>sic</strong></span> <span class='ocrx_word' id='word_1_165' title='bbox 1002 2577 1241 2639; x_wconf 84' lang='lat' dir='ltr'><strong>volente</strong></span> <span class='ocrx_word' id='word_1_166' title='bbox 1270 2577 1533 2638; x_wconf 71' lang='lat' dir='ltr'><strong>caesare.</strong></span> <span class='ocrx_word' id='word_1_167' title='bbox 1616 2577 1788 2638; x_wconf 87' lang='lat' dir='ltr'><strong>Nam</strong></span> <span class='ocrx_word' id='word_1_168' title='bbox 1809 2599 1946 2638; x_wconf 92' lang='lat' dir='ltr'><strong>eum</strong></span> <span class='ocrx_word' id='word_1_169' title='bbox 1965 2581 2182 2640; x_wconf 89' lang='lat' dir='ltr'><strong>tribuni</strong></span> <span class='ocrx_word' id='word_1_170' title='bbox 2240 2588 2306 2636; x_wconf 85' lang='lat' dir='ltr'><strong>Su</strong></span> <span class='ocrx_word' id='word_1_171' title='bbox 2307 2595 2442 2638; x_wconf 66' lang='lat' dir='ltr'><strong>emto</strong></span> 
     </span>
     <span class='ocr_line' id='line_1_22' title="bbox 274 2653 2508 2756; baseline -0 -18"><span class='ocrx_word' id='word_1_172' title='bbox 274 2676 569 2754; x_wconf 81' lang='lat' dir='ltr'><strong>collegam</strong></span> <span class='ocrx_word' id='word_1_173' title='bbox 600 2675 899 2756; x_wconf 87' lang='lat' dir='ltr'><strong>Pompeio</strong></span> <span class='ocrx_word' id='word_1_174' title='bbox 930 2673 1317 2734; x_wconf 81' lang='lat' dir='ltr'><strong>destinarant.</strong></span> <span class='ocrx_word' id='word_1_175' title='bbox 1401 2673 1605 2734; x_wconf 78' lang='lat' dir='ltr'><strong>Caesar</strong></span> <span class='ocrx_word' id='word_1_176' title='bbox 1630 2673 1709 2734; x_wconf 85' lang='lat' dir='ltr'><strong>ad</strong></span> <span class='ocrx_word' id='word_1_177' title='bbox 1736 2674 2020 2756; x_wconf 90' lang='lat' dir='ltr'><strong>populum</strong></span> <span class='ocrx_word' id='word_1_178' title='bbox 2044 2675 2184 2738; x_wconf 85' lang='lat' dir='ltr'><strong>ferri</strong></span> <span class='ocrx_word' id='word_1_179' title='bbox 2208 2653 2338 2704; x_wconf 65' lang='lat'><strong>⁶⁸⁸·</strong></span> <span class='ocrx_word' id='word_1_180' title='bbox 2355 2669 2400 2703; x_wconf 72' lang='lat'><strong>⁰·</strong></span> <span class='ocrx_word' id='word_1_181' title='bbox 2425 2653 2508 2703; x_wconf 72' lang='lat'><strong>²⁰</strong></span> 
     </span>
     <span class='ocr_line' id='line_1_23' title="bbox 275 2769 2186 2852; baseline 0.001 -19"><span class='ocrx_word' id='word_1_182' title='bbox 275 2773 609 2842; x_wconf 67' lang='lat' dir='ltr'><strong>malebat,⁶</strong></span> <span class='ocrx_word' id='word_1_183' title='bbox 638 2780 707 2832; x_wconf 83' lang='lat' dir='ltr'><strong>ut</strong></span> <span class='ocrx_word' id='word_1_184' title='bbox 732 2772 789 2830; x_wconf 86' lang='lat' dir='ltr'><strong>in</strong></span> <span class='ocrx_word' id='word_1_185' title='bbox 824 2769 1085 2830; x_wconf 87' lang='lat' dir='ltr'><strong>secundo</strong></span> <span class='ocrx_word' id='word_1_186' title='bbox 1126 2769 1383 2852; x_wconf 89' lang='lat' dir='ltr'><strong>petendo</strong></span> <span class='ocrx_word' id='word_1_187' title='bbox 1410 2770 1722 2831; x_wconf 78' lang='lat' dir='ltr'><strong>consulatu</strong></span> <span class='ocrx_word' id='word_1_188' title='bbox 1749 2772 1904 2831; x_wconf 90' lang='lat' dir='ltr'><strong>ratio</strong></span> <span class='ocrx_word' id='word_1_189' title='bbox 1928 2773 2186 2834; x_wconf 87' lang='lat' dir='ltr'><strong>absentis</strong></span> 
     </span>
     <span class='ocr_line' id='line_1_24' title="bbox 276 2865 2393 2946; baseline 0.001 -17"><span class='ocrx_word' id='word_1_190' title='bbox 276 2867 633 2941; x_wconf 63' lang='lat' dir='ltr'><strong>haberetur!</strong></span> <span class='ocrx_word' id='word_1_191' title='bbox 718 2865 917 2946; x_wconf 79' lang='lat' dir='ltr'><strong>Igitur</strong></span> <span class='ocrx_word' id='word_1_192' title='bbox 940 2865 1504 2928; x_wconf 77' lang='lat' dir='ltr'><strong>senatusconsulto</strong></span> <span class='ocrx_word' id='word_1_193' title='bbox 1488 2887 1549 2926; x_wconf 89' lang='grc' dir='ltr'><strong>ιιι</strong></span> <span class='ocrx_word' id='word_1_194' title='bbox 1588 2868 1942 2928; x_wconf 78' lang='lat' dir='ltr'><strong>sententiam</strong></span> <span class='ocrx_word' id='word_1_195' title='bbox 1971 2868 2184 2929; x_wconf 90' lang='lat' dir='ltr'><strong>Bibuli</strong></span> <span class='ocrx_word' id='word_1_196' title='bbox 2209 2882 2393 2932; x_wconf 75' lang='lat' dir='ltr'><strong>Ancon.</strong></span> 
     </span>
     <span class='ocr_line' id='line_1_25' title="bbox 276 2947 2494 3047; baseline 0 -22"><span class='ocrx_word' id='word_1_197' title='bbox 276 2965 459 3036; x_wconf 82' lang='lat' dir='ltr'><strong>facto,</strong></span> <span class='ocrx_word' id='word_1_198' title='bbox 506 2985 609 3046; x_wconf 88' lang='lat' dir='ltr'><strong>per</strong></span> <span class='ocrx_word' id='word_1_199' title='bbox 643 2953 995 3043; x_wconf 74' lang='lat' dir='ltr'><strong>interregem</strong></span> <span class='ocrx_word' id='word_1_200' title='bbox 1024 2963 1153 3025; x_wconf 88' lang='lat' dir='ltr'><strong>Ser.</strong></span> <span class='ocrx_word' id='word_1_201' title='bbox 1182 2963 1517 3045; x_wconf 85' lang='lat' dir='ltr'><strong>Sulpicium</strong></span> <span class='ocrx_word' id='word_1_202' title='bbox 1558 2961 1674 3024; x_wconf 81' lang='lat' dir='ltr'><strong>Gn.</strong></span> <span class='ocrx_word' id='word_1_203' title='bbox 1713 2964 2044 3047; x_wconf 86' lang='lat' dir='ltr'><strong>Pompeius</strong></span> <span class='ocrx_word' id='word_1_204' title='bbox 2067 2974 2183 3026; x_wconf 89' lang='lat' dir='ltr'><strong>ter-</strong></span> <span class='ocrx_word' id='word_1_205' title='bbox 2207 2947 2342 2998; x_wconf 57' lang='lat' dir='ltr'><strong>PM·</strong></span> <span class='ocrx_word' id='word_1_206' title='bbox 2473 2992 2494 3016; x_wconf 73' lang='grc' dir='ltr'><em>ο</em></span> 
     </span>
     <span class='ocr_line' id='line_1_26' title="bbox 276 3059 2474 3138; baseline 0 -16"><span class='ocrx_word' id='word_1_207' title='bbox 276 3063 425 3123; x_wconf 84' lang='grc' dir='ltr'><strong>ιίιιιιι</strong></span> <span class='ocrx_word' id='word_1_208' title='bbox 460 3062 665 3122; x_wconf 78' lang='lat' dir='ltr'><strong>consul</strong></span> <span class='ocrx_word' id='word_1_209' title='bbox 704 3069 963 3124; x_wconf 71' lang='lat' dir='ltr'><strong>creatus·</strong></span> <span class='ocrx_word' id='word_1_210' title='bbox 980 3071 1071 3121; x_wconf 85' lang='lat' dir='ltr'><strong>est</strong></span> <span class='ocrx_word' id='word_1_211' title='bbox 1104 3061 1287 3133; x_wconf 85' lang='lat' dir='ltr'><strong>solus,</strong></span> <span class='ocrx_word' id='word_1_212' title='bbox 1313 3061 1401 3122; x_wconf 87' lang='lat' dir='ltr'><strong>A.</strong></span> <span class='ocrx_word' id='word_1_213' title='bbox 1434 3061 1517 3122; x_wconf 90' lang='lat' dir='ltr'><strong>D.</strong></span> <span class='ocrx_word' id='word_1_214' title='bbox 1548 3078 1613 3120; x_wconf 82' lang='lat' dir='ltr'><strong>v.</strong></span> <span class='ocrx_word' id='word_1_215' title='bbox 1656 3059 1972 3122; x_wconf 79' lang='lat' dir='ltr'><strong>Kalendas</strong></span> <span class='ocrx_word' id='word_1_216' title='bbox 2009 3062 2180 3123; x_wconf 87' lang='lat' dir='ltr'><strong>Mar·</strong></span> <span class='ocrx_word' id='word_1_217' title='bbox 2208 3073 2316 3122; x_wconf 75' lang='lat' dir='ltr'><strong>nv.</strong></span> <span class='ocrx_word' id='word_1_218' title='bbox 2337 3073 2434 3138; x_wconf 82' lang='lat' dir='ltr'><strong>Epi</strong></span> <span class='ocrx_word' id='word_1_219' title='bbox 2415 3081 2474 3124; x_wconf 76' lang='grc' dir='ltr'><strong>ι.ι</strong></span> 
     </span>
     <span class='ocr_line' id='line_1_27' title="bbox 278 3138 2510 3254; baseline 0 -35"><span class='ocrx_word' id='word_1_220' title='bbox 278 3161 393 3220; x_wconf 81' lang='lat' dir='ltr'><strong>tias</strong></span> <span class='ocrx_word' id='word_1_221' title='bbox 420 3179 617 3220; x_wconf 82' lang='lat' dir='ltr'><strong>mense</strong></span> <span class='ocrx_word' id='word_1_222' title='bbox 644 3158 1003 3230; x_wconf 86' lang='lat' dir='ltr'><strong>intercalari,</strong></span> <span class='ocrx_word' id='word_1_223' title='bbox 1029 3159 1145 3220; x_wconf 88' lang='lat' dir='ltr'><strong>hac</strong></span> <span class='ocrx_word' id='word_1_224' title='bbox 1186 3159 1425 3240; x_wconf 88' lang='lat' dir='ltr'><strong>adjecta</strong></span> <span class='ocrx_word' id='word_1_225' title='bbox 1448 3159 1862 3230; x_wconf 52' lang='lat' dir='ltr'><strong>conditionest</strong></span> <span class='ocrx_word' id='word_1_226' title='bbox 1889 3159 2182 3241; x_wconf 79' lang='lat' dir='ltr'><strong>siquidem</strong></span> <span class='ocrx_word' id='word_1_227' title='bbox 2209 3138 2334 3252; x_wconf 46' lang='lat' dir='ltr'><strong>VX?</strong></span> <span class='ocrx_word' id='word_1_228' title='bbox 2339 3139 2510 3254; x_wconf 37' lang='grc' dir='ltr'><strong>ᾖξ’*</strong></span> 
     </span>
     <span class='ocr_line' id='line_1_28' title="bbox 279 3253 2372 3335; baseline -0.001 -17"><span class='ocrx_word' id='word_1_229' title='bbox 279 3255 569 3335; x_wconf 78' lang='lat' dir='ltr'><strong>collegam</strong></span> <span class='ocrx_word' id='word_1_230' title='bbox 606 3253 990 3327; x_wconf 84' lang='lat' dir='ltr'><strong>desideraret,</strong></span> <span class='ocrx_word' id='word_1_231' title='bbox 1030 3263 1097 3314; x_wconf 94' lang='lat' dir='ltr'><strong>ut</strong></span> <span class='ocrx_word' id='word_1_232' title='bbox 1132 3275 1241 3316; x_wconf 87' lang='lat' dir='ltr'><strong>suo</strong></span> <span class='ocrx_word' id='word_1_233' title='bbox 1275 3257 1589 3326; x_wconf 88' lang='lat' dir='ltr'><strong>arbitratu,</strong></span> <span class='ocrx_word' id='word_1_234' title='bbox 1616 3255 1764 3317; x_wconf 86' lang='lat' dir='ltr'><strong>dum</strong></span> <span class='ocrx_word' id='word_1_235' title='bbox 1791 3275 1866 3316; x_wconf 89' lang='lat' dir='ltr'><strong>ne</strong></span> <span class='ocrx_word' id='word_1_236' title='bbox 1893 3257 2064 3317; x_wconf 86' lang='lat' dir='ltr'><strong>intra</strong></span> <span class='ocrx_word' id='word_1_237' title='bbox 2089 3259 2182 3318; x_wconf 89' lang='lat' dir='ltr'><strong>bi·</strong></span> <span class='ocrx_word' id='word_1_238' title='bbox 2212 3271 2372 3317; x_wconf 68' lang='lat' dir='ltr'><strong>Ancon</strong></span> 
     </span>
     <span class='ocr_line' id='line_1_29' title="bbox 280 3332 2514 3447; baseline 0.001 -35"><span class='ocrx_word' id='word_1_239' title='bbox 280 3361 511 3422; x_wconf 79' lang='lat' dir='ltr'><strong>mestre,</strong></span> <span class='ocrx_word' id='word_1_240' title='bbox 531 3351 853 3430; x_wconf 78' lang='lat' dir='ltr'><strong>allegeret.</strong></span> <span class='ocrx_word' id='word_1_241' title='bbox 919 3350 1251 3433; x_wconf 85' lang='lat' dir='ltr'><strong>Pompeius</strong></span> <span class='ocrx_word' id='word_1_242' title='bbox 1265 3353 1465 3413; x_wconf 87' lang='lat' dir='ltr'><strong>statim</strong></span> <span class='ocrx_word' id='word_1_243' title='bbox 1491 3353 1639 3413; x_wconf 85' lang='lat' dir='ltr'><strong>inito</strong></span> <span class='ocrx_word' id='word_1_244' title='bbox 1663 3354 2030 3432; x_wconf 87' lang='lat' dir='ltr'><strong>magistratu,</strong></span> <span class='ocrx_word' id='word_1_245' title='bbox 2059 3332 2514 3447; x_wconf 57' lang='lat' dir='ltr'><strong>Ca·P},1‘·P⁰¹”P·</strong></span> 
     </span>
     <span class='ocr_line' id='line_1_30' title="bbox 280 3448 2462 3529; baseline 0.002 -21"><span class='ocrx_word' id='word_1_246' title='bbox 280 3449 401 3508; x_wconf 88' lang='lat' dir='ltr'><strong>toni</strong></span> <span class='ocrx_word' id='word_1_247' title='bbox 430 3450 557 3527; x_wconf 87' lang='lat' dir='ltr'><strong>egit</strong></span> <span class='ocrx_word' id='word_1_248' title='bbox 579 3449 822 3528; x_wconf 85' lang='lat' dir='ltr'><strong>gratias,</strong></span> <span class='ocrx_word' id='word_1_249' title='bbox 842 3448 1275 3528; x_wconf 79' lang='lat' dir='ltr'><strong>consiliumque</strong></span> <span class='ocrx_word' id='word_1_250' title='bbox 1312 3451 1445 3529; x_wconf 85' lang='lat' dir='ltr'><strong>ejus</strong></span> <span class='ocrx_word' id='word_1_251' title='bbox 1476 3449 1786 3529; x_wconf 80' lang='lat' dir='ltr'><strong>expetivit.</strong></span> <span class='ocrx_word' id='word_1_252' title='bbox 1873 3449 2040 3510; x_wconf 87' lang='lat' dir='ltr'><strong>Ille‘</strong></span> <span class='ocrx_word' id='word_1_253' title='bbox 2067 3471 2184 3510; x_wconf 87' lang='lat' dir='ltr'><strong>non</strong></span> <span class='ocrx_word' id='word_1_254' title='bbox 2206 3461 2282 3512; x_wconf 85' lang='lat' dir='ltr'><strong>Po</strong></span> <span class='ocrx_word' id='word_1_255' title='bbox 2252 3479 2385 3527; x_wconf 85' lang='lat' dir='ltr'><strong>o.mp</strong></span> <span class='ocrx_word' id='word_1_256' title='bbox 2409 3471 2462 3512; x_wconf 78' lang='lat' dir='ltr'><strong>et</strong></span> 
     </span>
     <span class='ocr_line' id='line_1_31' title="bbox 279 3527 2320 3628; baseline 0.002 -24"><span class='ocrx_word' id='word_1_257' title='bbox 279 3543 615 3606; x_wconf 80' lang='lat' dir='ltr'><strong>defuturum</strong></span> <span class='ocrx_word' id='word_1_258' title='bbox 650 3565 715 3622; x_wconf 77' lang='lat' dir='ltr'><strong>se</strong></span> <span class='ocrx_word' id='word_1_259' title='bbox 754 3545 976 3626; x_wconf 89' lang='lat' dir='ltr'><strong>petenti</strong></span> <span class='ocrx_word' id='word_1_260' title='bbox 1022 3545 1325 3626; x_wconf 79' lang='lat' dir='ltr'><strong>privatim&#39;</strong></span> <span class='ocrx_word' id='word_1_261' title='bbox 1368 3545 1734 3628; x_wconf 82' lang='lat' dir='ltr'><strong>respondit‘</strong></span> <span class='ocrx_word' id='word_1_262' title='bbox 1762 3547 2012 3608; x_wconf 80' lang='lat' dir='ltr'><strong>consilio</strong></span> <span class='ocrx_word' id='word_1_263' title='bbox 2036 3567 2180 3617; x_wconf 90' lang='lat' dir='ltr'><strong>suo3</strong></span> <span class='ocrx_word' id='word_1_264' title='bbox 2208 3527 2279 3577; x_wconf 72' lang='lat'><strong>0⁸</strong></span> <span class='ocrx_word' id='word_1_265' title='bbox 2281 3537 2320 3576; x_wconf 62' lang='lat' dir='ltr'><strong>t·</strong></span> 
     </span>
     <span class='ocr_line' id='line_1_32' title="bbox 282 3641 1163 3723; baseline -0.004 -20"><span class='ocrx_word' id='word_1_266' title='bbox 282 3641 523 3722; x_wconf 79' lang='lat' dir='ltr'><strong>publice</strong></span> <span class='ocrx_word' id='word_1_267' title='bbox 548 3643 729 3703; x_wconf 83' lang='lat' dir='ltr'><strong>etiam</strong></span> <span class='ocrx_word' id='word_1_268' title='bbox 754 3663 873 3703; x_wconf 90' lang='lat' dir='ltr'><strong>non</strong></span> <span class='ocrx_word' id='word_1_269' title='bbox 899 3641 1163 3723; x_wconf 63' lang='lat' dir='ltr'><strong>petenti)</strong></span> 
     </span>
    </p>

    <p class='ocr_par' dir='ltr' id='par_1_4' title="bbox 282 3721 2514 4401">
     <span class='ocr_line' id='line_1_33' title="bbox 358 3721 2346 3820; baseline 0.003 -22"><span class='ocrx_word' id='word_1_270' title='bbox 358 3745 464 3800; x_wconf 78' lang='lat'><strong>31.</strong></span> <span class='ocrx_word' id='word_1_271' title='bbox 507 3737 632 3799; x_wconf 88' lang='lat' dir='ltr'><strong>Sed</strong></span> <span class='ocrx_word' id='word_1_272' title='bbox 658 3748 789 3800; x_wconf 86' lang='lat' dir='ltr'><strong>erat</strong></span> <span class='ocrx_word' id='word_1_273' title='bbox 812 3738 890 3799; x_wconf 80' lang='lat' dir='ltr'><strong>ad</strong></span> <span class='ocrx_word' id='word_1_274' title='bbox 914 3736 1381 3820; x_wconf 89' lang='lat' dir='ltr'><strong>componendum</strong></span> <span class='ocrx_word' id='word_1_275' title='bbox 1404 3737 1750 3820; x_wconf 80' lang='lat' dir='ltr'><strong>reipublicae</strong></span> <span class='ocrx_word' id='word_1_276' title='bbox 1775 3747 1994 3800; x_wconf 82' lang='lat' dir='ltr'><strong>statum</strong></span> <span class='ocrx_word' id='word_1_277' title='bbox 2019 3721 2188 3801; x_wconf 75' lang='lat' dir='ltr'><strong>no&#39;vis</strong></span> <span class='ocrx_word' id='word_1_278' title='bbox 2212 3755 2288 3805; x_wconf 78' lang='lat' dir='ltr'><strong>ve</strong></span> <span class='ocrx_word' id='word_1_279' title='bbox 2291 3757 2346 3806; x_wconf 87' lang='lat'><strong>11.</strong></span> 
     </span>
     <span class='ocr_line' id='line_1_34' title="bbox 282 3819 2498 3936; baseline 0.001 -42"><span class='ocrx_word' id='word_1_280' title='bbox 282 3831 513 3914; x_wconf 87' lang='lat' dir='ltr'><strong>legibus</strong></span> <span class='ocrx_word' id='word_1_281' title='bbox 536 3855 701 3916; x_wconf 83' lang='lat' dir='ltr'><strong>opus.</strong></span> <span class='ocrx_word' id='word_1_282' title='bbox 786 3835 1025 3916; x_wconf 86' lang='lat' dir='ltr'><strong>Igitur</strong></span> <span class='ocrx_word' id='word_1_283' title='bbox 1010 3855 1069 3895; x_wconf 86' lang='lat' dir='ltr'><strong>m</strong></span> <span class='ocrx_word' id='word_1_284' title='bbox 1094 3835 1187 3894; x_wconf 85' lang='lat' dir='ltr'><strong>bis</strong></span> <span class='ocrx_word' id='word_1_285' title='bbox 1209 3835 1396 3895; x_wconf 85' lang='lat' dir='ltr'><strong>omnis</strong></span> <span class='ocrx_word' id='word_1_286' title='bbox 1418 3835 1760 3896; x_wconf 86' lang='lat' dir='ltr'><strong>consulatus</strong></span> <span class='ocrx_word' id='word_1_287' title='bbox 1781 3837 1914 3915; x_wconf 86' lang='lat' dir='ltr'><strong>ejus</strong></span> <span class='ocrx_word' id='word_1_288' title='bbox 1931 3837 2024 3896; x_wconf 82' lang='lat' dir='ltr'><strong>vis</strong></span> <span class='ocrx_word' id='word_1_289' title='bbox 2045 3857 2187 3897; x_wconf 88' lang='lat' dir='ltr'><strong>con·-</strong></span> <span class='ocrx_word' id='word_1_290' title='bbox 2213 3821 2315 3936; x_wconf 68' lang='lat'><strong>07¹</strong></span> <span class='ocrx_word' id='word_1_291' title='bbox 2307 3819 2498 3936; x_wconf 40' lang='lat' dir='ltr'><strong>affl</strong></span> 
     </span>
     <span class='ocr_line' id='line_1_35' title="bbox 282 3919 2514 4009; baseline 0.001 -19"><span class='ocrx_word' id='word_1_292' title='bbox 282 3935 473 3992; x_wconf 84' lang='lat' dir='ltr'><strong>s&#39;umta</strong></span> <span class='ocrx_word' id='word_1_293' title='bbox 498 3939 607 3991; x_wconf 87' lang='lat' dir='ltr'><strong>est.</strong></span> <span class='ocrx_word' id='word_1_294' title='bbox 690 3931 848 3992; x_wconf 89' lang='lat' dir='ltr'><strong>Post</strong></span> <span class='ocrx_word' id='word_1_295' title='bbox 870 3930 1031 3991; x_wconf 89' lang='lat' dir='ltr'><strong>diem</strong></span> <span class='ocrx_word' id='word_1_296' title='bbox 1055 3931 1293 3991; x_wconf 86' lang='lat' dir='ltr'><strong>tertium</strong></span> <span class='ocrx_word' id='word_1_297' title='bbox 1330 3931 1708 4009; x_wconf 80' lang='lat' dir='ltr'><strong>magistratus</strong></span> <span class='ocrx_word' id='word_1_298' title='bbox 1740 3931 1900 4002; x_wconf 88' lang='lat' dir='ltr'><strong>initi,</strong></span> <span class='ocrx_word' id='word_1_299' title='bbox 1939 3951 2076 3992; x_wconf 87' lang='lat' dir='ltr'><strong>eum</strong></span> <span class='ocrx_word' id='word_1_300' title='bbox 2111 3932 2187 3993; x_wconf 91' lang='lat' dir='ltr'><strong>de</strong></span> <span class='ocrx_word' id='word_1_301' title='bbox 2497 3919 2514 3938; x_wconf 78' lang='lat'><em>⁰</em></span> 
     </span>
     <span class='ocr_line' id='line_1_36' title="bbox 282 4011 2458 4113; baseline 0 -26"><span class='ocrx_word' id='word_1_302' title='bbox 282 4026 515 4107; x_wconf 87' lang='lat' dir='ltr'><strong>legibus</strong></span> <span class='ocrx_word' id='word_1_303' title='bbox 556 4027 634 4088; x_wconf 89' lang='lat' dir='ltr'><strong>ad</strong></span> <span class='ocrx_word' id='word_1_304' title='bbox 672 4038 937 4089; x_wconf 87' lang='lat' dir='ltr'><strong>senatum</strong></span> <span class='ocrx_word' id='word_1_305' title='bbox 976 4013 1184 4088; x_wconf 82' lang='lat' dir='ltr'><strong>consul</strong></span> <span class='ocrx_word' id='word_1_306' title='bbox 1212 4011 1523 4098; x_wconf 85' lang='lat' dir='ltr'><strong>retulisset,</strong></span> <span class='ocrx_word' id='word_1_307' title='bbox 1567 4035 1586 4064; x_wconf 82' lang='lat'><em>‘</em></span> <span class='ocrx_word' id='word_1_308' title='bbox 1604 4026 1756 4087; x_wconf 76' lang='lat' dir='ltr'><strong>duas</strong></span> <span class='ocrx_word' id='word_1_309' title='bbox 1777 4047 1904 4088; x_wconf 89' lang='lat' dir='ltr'><strong>esse</strong></span> <span class='ocrx_word' id='word_1_310' title='bbox 1929 4027 2186 4109; x_wconf 85' lang='lat' dir='ltr'><strong>promul·</strong></span> <span class='ocrx_word' id='word_1_311' title='bbox 2243 4049 2352 4100; x_wconf 79' lang='lat' dir='ltr'><strong>Cic.</strong></span> <span class='ocrx_word' id='word_1_312' title='bbox 2374 4065 2458 4113; x_wconf 82' lang='lat' dir='ltr'><strong>pro</strong></span> 
     </span>
     <span class='ocr_line' id='line_1_37' title="bbox 284 4115 2458 4204; baseline 0 -20"><span class='ocrx_word' id='word_1_313' title='bbox 284 4124 537 4204; x_wconf 80' lang='lat' dir='ltr'><strong>gandas’</strong></span> <span class='ocrx_word' id='word_1_314' title='bbox 577 4134 813 4184; x_wconf 89' lang='lat' dir='ltr'><strong>senatus</strong></span> <span class='ocrx_word' id='word_1_315' title='bbox 847 4123 1097 4193; x_wconf 87' lang='lat' dir='ltr'><strong>censuit,</strong></span> <span class='ocrx_word' id='word_1_316' title='bbox 1140 4132 1158 4158; x_wconf 89' lang='lat'>‘</span> <span class='ocrx_word' id='word_1_317' title='bbox 1184 4121 1432 4183; x_wconf 84' lang='lat' dir='ltr'><strong>alteram</strong></span> <span class='ocrx_word' id='word_1_318' title='bbox 1472 4123 1547 4184; x_wconf 89' lang='lat' dir='ltr'><strong>de</strong></span> <span class='ocrx_word' id='word_1_319' title='bbox 1572 4125 1660 4196; x_wconf 79' lang='lat' dir='ltr'><strong>vi,</strong></span> <span class='ocrx_word' id='word_1_320' title='bbox 1685 4143 1808 4204; x_wconf 90' lang='lat' dir='ltr'><strong>qua</strong></span> <span class='ocrx_word' id='word_1_321' title='bbox 1843 4124 2188 4184; x_wconf 89' lang='lat' dir='ltr'><strong>nominatim</strong></span> <span class='ocrx_word' id='word_1_322' title='bbox 2211 4115 2322 4164; x_wconf 81' lang='lat' dir='ltr'><strong>Mil.</strong></span> <span class='ocrx_word' id='word_1_323' title='bbox 2343 4131 2389 4164; x_wconf 79' lang='lat'><strong>‘³-</strong></span> <span class='ocrx_word' id='word_1_324' title='bbox 2408 4121 2458 4165; x_wconf 80' lang='lat'><strong>⁵·</strong></span> 
     </span>
     <span class='ocr_line' id='line_1_38' title="bbox 284 4181 2390 4300; baseline -0.001 -18"><span class='ocrx_word' id='word_1_325' title='bbox 284 4222 479 4282; x_wconf 77' lang='lat' dir='ltr'><strong>caedes</strong></span> <span class='ocrx_word' id='word_1_326' title='bbox 504 4220 733 4292; x_wconf 84' lang='lat' dir='ltr'><strong>Clodii,</strong></span> <span class='ocrx_word' id='word_1_327' title='bbox 757 4230 821 4281; x_wconf 90' lang='lat' dir='ltr'><strong>et</strong></span> <span class='ocrx_word' id='word_1_328' title='bbox 844 4219 1181 4280; x_wconf 88' lang='lat' dir='ltr'><strong>incendium</strong></span> <span class='ocrx_word' id='word_1_329' title='bbox 1205 4219 1405 4290; x_wconf 69' lang='lat' dir='ltr'><strong>curiae,</strong></span> <span class='ocrx_word' id='word_1_330' title='bbox 1434 4228 1499 4278; x_wconf 89' lang='lat' dir='ltr'><strong>et</strong></span> <span class='ocrx_word' id='word_1_331' title='bbox 1524 4219 1619 4281; x_wconf 89' lang='lat' dir='ltr'><strong>M.</strong></span> <span class='ocrx_word' id='word_1_332' title='bbox 1648 4218 1862 4300; x_wconf 90' lang='lat' dir='ltr'><strong>Lepidi</strong></span> <span class='ocrx_word' id='word_1_333' title='bbox 1889 4221 2190 4299; x_wconf 87' lang='lat' dir='ltr'><strong>interregis</strong></span> <span class='ocrx_word' id='word_1_334' title='bbox 2212 4181 2390 4229; x_wconf 56' lang='grc' dir='ltr'><strong>Μ’</strong></span> 
     </span>
     <span class='ocr_line' id='line_1_39' title="bbox 284 4315 2014 4401; baseline -0.002 -21"><span class='ocrx_word' id='word_1_335' title='bbox 284 4327 625 4401; x_wconf 85' lang='lat' dir='ltr'><strong>oppugnata</strong></span> <span class='ocrx_word' id='word_1_336' title='bbox 646 4318 857 4378; x_wconf 86' lang='lat' dir='ltr'><strong>domus</strong></span> <span class='ocrx_word' id='word_1_337' title='bbox 880 4317 1326 4378; x_wconf 88' lang='lat' dir='ltr'><strong>continebatur:</strong></span> <span class='ocrx_word' id='word_1_338' title='bbox 1370 4315 1615 4376; x_wconf 88' lang='lat' dir='ltr'><strong>alteram</strong></span> <span class='ocrx_word' id='word_1_339' title='bbox 1640 4315 1718 4376; x_wconf 92' lang='lat' dir='ltr'><strong>de</strong></span> <span class='ocrx_word' id='word_1_340' title='bbox 1745 4316 2014 4378; x_wconf 65' lang='lat' dir='ltr'><strong>ambitu?</strong></span> 
     </span>
    </p>
   </div>
   <div class='ocr_carea' id='block_1_3' title="bbox 368 4407 2418 4531">
    <p class='ocr_par' dir='ltr' id='par_1_5' title="bbox 368 4407 2418 4531">
     <span class='ocr_line' id='line_1_40' title="bbox 368 4407 2418 4531; baseline -0.001 -56"><span class='ocrx_word' id='word_1_341' title='bbox 368 4422 471 4478; x_wconf 75' lang='lat'><strong>32.</strong></span> <span class='ocrx_word' id='word_1_342' title='bbox 518 4413 617 4475; x_wconf 91' lang='lat' dir='ltr'><strong>De</strong></span> <span class='ocrx_word' id='word_1_343' title='bbox 645 4424 903 4531; x_wconf 70' lang='lat' dir='ltr'><strong>utreque⁴</strong></span> <span class='ocrx_word' id='word_1_344' title='bbox 920 4433 1035 4474; x_wconf 91' lang='lat' dir='ltr'><strong>non</strong></span> <span class='ocrx_word' id='word_1_345' title='bbox 1063 4413 1243 4474; x_wconf 78' lang='lat' dir='ltr'><strong>semel</strong></span> <span class='ocrx_word' id='word_1_346' title='bbox 1272 4421 1335 4474; x_wconf 88' lang='lat' dir='ltr'><strong>et</strong></span> <span class='ocrx_word' id='word_1_347' title='bbox 1360 4421 1539 4475; x_wconf 87' lang='lat' dir='ltr'><strong>antea</strong></span> <span class='ocrx_word' id='word_1_348' title='bbox 1555 4413 1743 4474; x_wconf 87' lang='lat' dir='ltr'><strong>latum</strong></span> <span class='ocrx_word' id='word_1_349' title='bbox 1765 4423 1928 4476; x_wconf 84' lang='lat' dir='ltr'><strong>erat:</strong></span> <span class='ocrx_word' id='word_1_350' title='bbox 1969 4415 2073 4476; x_wconf 87' lang='lat' dir='ltr'><strong>sed</strong></span> <span class='ocrx_word' id='word_1_351' title='bbox 2099 4414 2192 4476; x_wconf 76' lang='lat' dir='ltr'><strong>his</strong></span> <span class='ocrx_word' id='word_1_352' title='bbox 2213 4407 2418 4523; x_wconf 50' lang='lat'><strong>133³</strong></span> 
     </span>
    </p>
   </div>
  </div>
 </body>
</html>
