3300 5234
1689 543 1692 546 .
1723 501 1793 549 Τ.
1839 497 2032 590 ῙξΠΙΙ

1094 651 1377 718 natum,
1406 645 1541 724 jum
1582 643 1645 704 in
1687 641 2018 726 Hyrcanos
2057 645 2164 706 aut
2189 640 2448 725 Scythes
2464 641 2882 724 pretiosissima
2903 662 2997 705 reb

1094 761 1226 802 rum
1269 744 1509 802 suarum
1550 749 1615 801 et
1653 761 1968 823 corporum
2007 740 2430 813 transtulerint,
2471 740 2582 800 tibi
2617 737 3000 802 solitudinem

1094 837 1373 900 relicturi.
1460 838 1645 906 Quod
1681 839 1732 898 si
1764 839 2050 899 cessando
2083 838 2344 920 speciem
2369 838 2630 898 timentis
2654 837 3004 920 praebueris‚

1096 943 1394 997 resument
1416 935 1670 1007 animos,
1689 942 1754 995 et
1777 955 1918 1014 mox
1937 951 2075 996 cum
2090 942 2220 995 tota
2239 934 2394 995 mole
2412 935 2628 996 virium
2645 953 2756 996 rex
2773 933 3004 1004 aderitz

1096 1031 1201 1113 'qui
1238 1052 1398 1094 nunc
1424 1033 1637 1092 anxins
1659 1041 1844 1104 metu,
1869 1050 1988 1092 non
2015 1032 2186 1112 qussi
2211 1051 2388 1114 pares
2411 1031 2584 1092 vobis
2623 1029 2916 1092 Surenam
2939 1037 3010 1090 et

1100 1126 1385 1200 Sillaeem
1419 1129 1668 1214 objecit,
1709 1128 1816 1190 sed
1851 1136 1920 1187 ut
1953 1128 2033 1188 ab
2067 1127 2430 1210 insequendo
2478 1148 2580 1188 vos
2621 1134 3010 1198 remorentur,

1094 1224 1291 1286 donec
1313 1225 1419 1287 ille
1445 1247 1537 1286 res
1560 1247 1700 1286 suas
1722 1226 1786 1286 in
1809 1225 2088 1286 tutiorem
2111 1225 2441 1306 reposuerit
2461 1223 2724 1285 statum?
2791 1222 3008 1284 Credi·-

1096 1322 1191 1383 dit
1212 1323 1438 1383 homini
1464 1323 1735 1395 Crassus,
1761 1321 1926 1404 quod
1945 1322 2200 1383 amicum
2227 1331 2292 1382 et
2319 1321 2505 1390 fidum
2531 1321 2816 1404 putabat;
2858 1339 3010 1381 con·

1100 1419 1483 1501 firmatusque
1517 1429 1608 1482 est
1641 1421 1704 1480 in
1738 1441 1950 1492 errore,
1979 1429 2292 1502 postquam
2329 1418 2504 1500 longe
2540 1418 2779 1499 lateque
2817 1419 3012 1479 nemi-

966 1541 972 1548 ·
1098 1537 1237 1578 nem
1261 1518 1559 1578 hominem
1584 1515 1856 1598 usquam,
1893 1515 1999 1578 sed
2021 1526 2255 1578 tantum
2279 1537 2564 1598 equorum
2587 1537 2797 1580 aversa
2825 1516 3012 1582 vesti·

1098 1615 1202 1694 gia
1246 1635 1533 1697 apparere
1584 1613 1992 1697 exploratores
2031 1617 2412 1686 nuntiarunt:
2471 1635 2663 1698 eaque
2697 1633 2790 1675 ros
2827 1613 3014 1674 militi

1100 1711 1357 1772 restituit
1418 1713 1700 1787 animum,
1753 1712 2242 1795 fidentioremque
2308 1721 2594 1796 tanquam
2645 1712 3017 1792 fugientibus

1105 1809 1371 1880 Parthis,
1397 1809 1564 1871 feeit.

1186 1912 1289 1965 35.
1330 1906 1607 1966 Primum
1650 1907 1789 1981 iter,
1835 1907 2048 1969 relicto
2087 1927 2282 1980 smne,
2329 1929 2436 1989 per
2477 1927 2722 1989 campos
2757 1907 3023 1968 virentes

1105 2003 1502 2082 pergentibus,
1548 2004 1696 2064 satis
1733 2022 2026 2064 amoenum
2065 2011 2246 2083 atque
2281 2003 2462 2064 facile
2498 2003 2636 2064 fuit.
2722 2002 2880 2064 Mox
2901 2023 3020 2066 ex-

1105 2099 1267 2180 cepit
1288 2099 1463 2159 arida
1482 2107 1550 2168 et
1572 2099 1738 2160 nuda
1759 2099 2058 2181 planities,
2085 2100 2454 2182 militemque
2473 2120 2608 2162 cum
2629 2101 2732 2161 siti
2753 2108 2817 2162 et
2833 2119 3024 2164 arena

1106 2195 1432 2256 luctantem
1456 2195 1581 2276 ipse
1606 2216 1842 2278 quoque
1869 2195 2133 2258 locorum
2159 2206 2438 2278 aspectus
2469 2198 2704 2258 horrore
2728 2195 3021 2278 perfudit,

1106 2311 1245 2352 cum
1280 2293 1345 2351 in
1376 2299 1549 2352 vasta
1570 2291 1911 2364 solitudine,
1939 2312 2124 2374 quam
2147 2293 2462 2354 terminare
2495 2295 2630 2354 visu
2663 2293 3022 2373 nequibant,

1108 2387 1255 2448 'nihil
1280 2397 1439 2448 terra
1462 2389 1848 2468 gignentium,
1885 2409 2004 2449 non
2037 2389 2244 2471 herba,
2278 2409 2396 2450 non
2429 2391 2610 2472 stirps
2639 2388 2766 2449 ulla
2795 2389 3022 2463 vitem,

1108 2505 1399 2567 nusquam
1456 2495 1563 2547 aut
1606 2487 1768 2547 rivus
1813 2507 2011 2568 aquae,
2061 2494 2170 2548 aut
2219 2487 2438 2548 montis
2479 2486 2856 2570 supercilium
2905 2507 3023 2570 apa

1110 2593 1365 2664 pareret.

1192 2686 1293 2741 36.
1336 2679 1417 2740 Id
1451 2700 1588 2741 cum
1627 2701 1734 2761 per
1771 2701 1834 2740 se
1871 2689 2210 2762 suspectum
2244 2681 2544 2763 plerisque
2583 2679 2776 2754 fieret,
2813 2683 3023 2762 super-

1110 2785 1397 2838 venerunt
1436 2777 1515 2837 ab
1554 2761 1848 2837 Armenio
1887 2797 2026 2856 rege
2065 2777 2278 2850 nuntii,
2313 2788 2640 2839 excusante
2679 2776 2798 2838 non
2841 2777 3026 2838 missa

1112 2871 1362 2944 auxilia,
1400 2871 1560 2952 quod
1584 2873 1645 2932 in
1681 2893 1852 2933 suum
1875 2893 2120 2954 regnum
2138 2874 2408 2935 Parthus
2436 2874 2672 2948 Orodes
2695 2875 3024 2955 irrupifflet.

1114 2968 1425 3031 Suadebat
1446 2978 1647 3030 autem
1674 2977 1692 3005 ‘
1723 2979 1792 3030 ut
1815 2969 1894 3030 ad
1919 2990 1982 3030 se
2009 2971 2240 3032 veniret
2261 2971 2534 3043 Crassus,
2570 2971 3026 3054 conjunctisque

1112 3085 1313 3128 secum
1338 3065 1527 3147 copiis
1553 3063 1908 3147 propelleret
1930 3067 2199 3128 hostem:
2243 3076 2370 3139 aut,
2407 3069 2458 3128 si
2495 3066 2668 3128 aliter
2697 3068 3025 3140 videretur,

1112 3161 1329 3224 saltem
1354 3161 1517 3223 edita
1546 3171 1868 3224 sectaretur
1907 3163 2063 3239 loca,
2099 3183 2294 3244 neque
2330 3165 2392 3225 in
2430 3165 2772 3247 patentibus
2793 3165 3029 3246 eampis

1112 3259 1406 3340 equitatui
1430 3259 1728 3320 Parthico
1743 3261 2054 3321 statarium
2074 3259 2324 3321 militem
2343 3260 2709 3341 exponeret?
2771 3259 3028 3322 Crassus

1113 3354 1194 3415 ad
1219 3355 1354 3416 haec
1370 3374 1509 3417 cum
1527 3357 1834 3418 stomacho
1853 3356 2178 3439 respondit,
2203 3365 2222 3394 ‘
2247 3358 2307 3417 in
2328 3357 2643 3439 praesentia
2664 3376 2785 3417 non
2805 3375 3027 3420 vacare

1116 3461 1185 3510 ut
1206 3453 1431 3532 cogitet
1466 3451 1543 3513 de
1568 3453 1896 3514 Armenia:
1939 3463 2146 3535 postea
2183 3463 2382 3514 tamen
2407 3463 2744 3528 venturum,
2783 3462 2854 3515 ut
2886 3475 3025 3536 pno-

1115 3547 1357 3610 ditionis
1382 3551 1461 3610 ab
1486 3549 1802 3611 Artabaze
1821 3560 2070 3634 expetat
2093 3551 2336 3633 pamas!
2407 3597 2412 3602 -

1198 3649 1301 3710 37.
1345 3645 1509 3708 Haec
1552 3653 1676 3708 tam
1719 3649 1955 3708 sinistre
1997 3649 2263 3728 cogitata
2297 3647 2686 3729 consultaque
2713 3658 3028 3710 moverunt

1120 3743 1331 3804 iterum
1372 3742 1583 3805 Cassio
1626 3744 1830 3806 bilem.
1915 3744 2040 3806 Sed
2088 3747 2232 3826 quia
2271 3745 2548 3807 libertate
2593 3765 2702 3806 sua
2740 3746 3026 3809 Crassum

1118 3841 1471 3915 offenderat,
1503 3841 1664 3902 ultra
1689 3861 1926 3904 monere
1951 3863 2072 3905 non
2098 3862 2296 3916 ausus,
2333 3843 2651 3924 Abgarum
2677 3845 3026 3925 increpavit.

1122 3947 1141 3974 ‘
1173 3938 1330 4005 Quis
1361 3937 1469 4009 te,’
1510 3939 1618 4010 ait,
1661 3947 1682 3976 ⁴
1711 3941 1962 4021 pessime
1985 3941 2346 4014 mortalium,
2387 3941 2584 4002 malus
2620 3942 2701 4003 ad
2744 3961 2851 4002 nos
2891 3961 3024 4022 per-

1121 4033 1299 4095 duxit
1334 4036 1565 4115 genius,
1598 4043 1670 4096 ut
1705 4036 1988 4099 Crassum
2023 4038 2368 4111 fascinares,
2401 4040 2712 4122 ipsumque
2753 4047 2818 4102 et
2853 4057 3025 4099 exer-

1120 4132 1305 4193 citum
1332 4133 1607 4214 perderes
1620 4134 1667 4193 ‘f’
1748 4133 1846 4196 At
1867 4133 1992 4208 ille,
2027 4136 2248 4198 blande
2271 4139 2568 4216 castigata
2579 4137 2822 4219 juvenis
2846 4135 3024 4196 vehe-

1124 4230 1371 4302 mentia,
1411 4238 1430 4267 ‘
1459 4229 1674 4293 durare
1697 4231 2022 4314 paulisper’
2053 4235 2335 4313 jubebat,
2379 4243 2397 4272 ‘
2426 4233 2486 4294 in
2511 4233 2704 4296 salute
2727 4231 3026 4310 communi

1124 4343 1269 4386 mox
1293 4328 1631 4408 agniturum
1655 4329 2050 4409 innocentiam
2069 4332 2232 4411 ejus,
2245 4350 2424 4412 quem
2443 4351 2598 4392 nunc
2617 4331 2768 4393 tanti
2789 4328 3028 4413 sceleris
