3300 5234
691 537 868 606 5382
1750 557 1819 606 τ.
1854 557 2047 607 mvn

1017 703 1262 774 misene,
1287 701 1392 762 sed
1427 720 1507 762 ex
1543 701 1616 762 iis
1646 702 1763 783 qui·
1780 702 2079 762 duxerant
2099 699 2357 773 ordines,
2384 708 2490 761 aut
2512 699 2714 782 aliquo
2736 702 2929 782 insig-

1015 797 1166 858 niori
1209 797 1472 860 faeinore
1515 799 1665 860 clari
1706 807 1899 870 erant,
1942 798 2309 878 legebantur.
2408 796 2653 858 Senatui
2694 807 2921 859 menum

1014 893 1171 956 fasso
1213 896 1537 978 respondit,
1583 903 1602 932 ‘
1629 896 2001 957 dimissurum
2040 896 2153 957 hos
2188 915 2337 968 esse,
2376 894 2551 954 simul
2591 905 2773 975 atque
2810 916 2921 976 po-

731 1103 866 1152 Plut.
1015 991 1191 1150 pagis
1201 1000 1618 1150 Iitfffitzoeffi
1635 1097 1699 1149 et
1720 1090 2170 1150 commentarios
2188 1088 2445 1150 Caesaris
2464 1089 2711 1150 haberet
2735 1087 2921 1161 domi,

691 1167 991 1282 fflffissuv·
1014 1193 1079 1246 et
1109 1186 1362 1247 scribam
1385 1187 1517 1265 ejus
1543 1185 1865 1247 Faberium
1887 1187 2001 1246 sibi
2031 1187 2639 1268 obsequentissimum,
2666 1187 2831 1264 (nam
2858 1197 2924 1248 et

693 1270 993 1348 Velinum.
1013 1282 1282 1342 abiturus
1306 1281 1384 1342 ad
1409 1282 1636 1342 bellum
1663 1282 1871 1342 Caesar
1892 1282 2084 1344 multa
2107 1281 2187 1342 ad
2214 1283 2469 1343 Antonii
2494 1283 2803 1343 arbitrium
2824 1305 2921 1344 re-

693 1361 908 1430 APP³¹¹¹²·
1004 1381 1288 1458 jecerat,)
1316 1379 1410 1439 his
1447 1378 1526 1439 ad
1557 1377 1977 1442 stabiliendam
2000 1399 2167 1439 suam
2192 1380 2518 1460 potentiam
2542 1379 2921 1452 abutebatur,

717 1477 830 1528 Cic-
850 1491 958 1590 ις*
1015 1495 1170 1556 quos
1197 1475 1442 1538 volebat
1475 1477 1554 1537 ab
1589 1475 1777 1537 exilio
1812 1496 2128 1546 revocans:
2172 1477 2407 1556 regibus
2438 1477 2921 1558 civitatibusque,

691 1556 850 1658 ἓξὲξ
877 1539 992 1656 tf'gi
1013 1572 1119 1633 sed
1144 1582 1208 1634 et
1229 1573 1322 1633 sui
1347 1571 1606 1655 praesidii
1625 1573 1997 1654 primoribus,
2015 1573 2305 1634 beneficia
2321 1573 2698 1655 dispensans:
2741 1594 2921 1654 quos-

687 1623 930 1750 Αξιὲιῗν·
1014 1667 1156 1730 dam
1191 1678 1253 1730 et
1287 1670 1348 1730 in
1381 1679 1648 1730 senatum
1686 1671 2007 1752 recipiens:
2048 1689 2295 1751 quarum
2322 1690 2516 1731 rerum
2538 1671 2805 1730 omnium
2830 1671 2921 1730 in-

687 1736 980 1867 ῗξίζὶῗζη·
1017 1765 1180 1827 vidia
1197 1787 1375 1847 penes
1392 1765 1758 1838 defunctum,
1781 1767 1976 1845 gratia
1994 1787 2173 1848 penes
2192 1765 2525 1827 Antonium
2542 1776 2689 1826 erat.
2742 1765 2921 1826 Idem
2948 1787 2973 1804 ³

688 1865 806 1917 Dio.
1015 1868 1084 1922 ut
1126 1861 1220 1922 Μ.
1262 1861 1555 1941 Lepidum
1591 1861 1884 1924 beneficio
1923 1861 2270 1935 devinciret,
2306 1863 2563 1943 regimen
2594 1883 2919 1934 sacrorum,

1015 1957 1178 2037 quod
1213 1959 1276 2018 in
1311 1958 1421 2019 illa
1459 1957 1801 2020 confusione
1834 1979 2029 2020 rerum
2064 1959 2191 2041 ipse
2226 1961 2509 2040 potuisset
2546 1960 2919 2042 intercipere,

1013 2051 1104 2114 illi
1139 2054 1282 2116 dare
1315 2057 1544 2117 statuit.
1626 2056 1751 2117 Sed
1784 2055 1851 2118 id
1874 2077 1993 2138 quo
2018 2057 2259 2118 facilius
2281 2065 2759 2137 consequeretur,
2787 2057 2920 2137 lege

1015 2150 1144 2214 lata
1165 2153 1534 2215 sacerdotum
1557 2154 1835 2239 comitiao
1858 2154 2083 2236 populo
2101 2155 2338 2214 ademta
2356 2154 2657 2222 transtulit
2673 2154 2753 2215 ad
2770 2175 2921 2236 pon-

1012 2249 1224 2312 tifices.
1293 2249 1418 2323 Ita,
1439 2271 1502 2311 re
1529 2250 1590 2310 in
1617 2271 1940 2332 paucorum
1964 2250 2206 2312 redacta
2230 2259 2603 2333 potestatem,
2624 2253 2686 2311 in
2710 2253 2925 2313 ceteris

1011 2366 1249 2428 quoque
1274 2346 1614 2430 solennibus
1637 2347 1786 2408 nihil
1811 2349 1994 2410 ferme
2022 2349 2249 2431 pristini
2274 2350 2450 2410 moris
2468 2369 2727 2421 servans,
2750 2339 2921 2430 quasi

687 2431 990 2560 {affl-1¹:23?-
1009 2441 1211 2503 furtim
1237 2444 1458 2524 paratis
1481 2443 1777 2524 suffragiis
1796 2444 1891 2505 M.
1914 2444 2207 2527 Lepidum
2232 2444 2578 2528 pontificem
2594 2445 2921 2505 maximum

685 2560 903 2626 Appign,
1009 2539 1389 2603 renuntiavit·

1089 2643 1152 2697 9.
1197 2636 1369 2699 Hinc
1403 2658 1558 2700 nova
1595 2640 2037 2721 percussoribus
2066 2639 2402 2702 solicitudo.
2486 2639 2703 2720 Igitur,
2729 2640 2944 2702 mimis.

1010 2731 1090 2792 ad
1131 2734 1354 2794 amicos
1387 2735 1625 2806 nuntiis,
1657 2735 1739 2796 D.
1770 2736 2047 2808 Brutum,
2072 2736 2175 2816 qui
2210 2747 2329 2798 tres
2352 2737 2617 2798 habebat
2638 2736 2926 2815 legiones,·

1011 2829 1301 2890 intentum
1325 2851 1474 2903 esse,
1499 2831 1861 2892 Trebonium
1888 2834 1949 2892 in
1977 2833 2153 2906 Asia,
2182 2832 2493 2894 Cimbrum
2517 2834 2577 2893 in
2606 2833 2919 2913 Bithynia,

1011 2937 1264 3006 quantas
1289 2935 1528 3008 possent
1551 2929 1833 3009 pecunias
1854 2949 2068 3008 cogere
2083 2931 2401 3008 jubebant.
2486 2929 2661 3012 Ipsos
2688 2929 2945 2991 consilii.

1012 3022 1266 3084 incertos
1307 3022 1557 3085 diversae
1595 3043 1792 3084 causae
1834 3027 2139 3086 tenebant.
2238 3025 2560 3087 Manen-ent
2599 3026 2660 3086 in
2703 3025 2919 3086 Urbe?

1015 3113 1241 3180 Facere
1289 3138 1427 3180 eum
1473 3120 1738 3201 periculo
1786 3121 2141 3183 viderentur.
2236 3122 2533 3184 Exirent?
2624 3121 2916 3183 Nondum

1011 3224 1244 3296 tempus
1283 3217 1460 3277 eundi
1497 3220 1554 3277 in
1593 3219 1928 3298 provincias
1960 3229 2237 3290 venerat3
2284 3228 2367 3293 et,
2398 3221 2449 3280 si
2478 3223 2643 3302 prius
2672 3219 2943 3300 egrede-.

1008 3320 1230 3386 rentur,
1251 3312 1410 3393 fugae
1433 3315 1640 3374 similis
1663 3315 1865 3376 futura
1886 3326 2017 3377 erat
2041 3317 2351 3397 profectio.
2434 3317 2629 3397 Igitur
2650 3327 2913 3388 senatus,

1008 3409 1262 3470 saluteni
1300 3420 1478 3491 atque
1512 3412 1865 3491 dignitatem
1894 3414 2153 3474 virorum
2184 3415 2517 3495 aequalibus
2540 3414 2748 3475 studiis
2770 3432 2913 3476 con-

1007 3525 1240 3567 servare
1269 3527 1507 3588 pronus,
1534 3509 1811 3570 frumenti
1836 3511 2415 3592 eis'procurationem
2444 3513 2739 3593 imposuit.
2806 3512 2913 3586 Et,

719 3625 828 3676 cic.
849 3625 914 3674 ,d
1008 3603 1154 3683 quia
1191 3613 1404 3685 praetor
1443 3606 1703 3666 urbanus
1746 3607 1968 3667 Brutus
1998 3618 2150 3681 erat,
2188 3608 2457 3670 Antonio
2490 3609 2800 3682 referente,
2827 3609 2920 3670 le·-

681 3692 968 3807 Αὲῖοῑέἕί
1007 3699 1183 3853 {ihm
1215 3710 1304 3762 est
1339 3700 1586 3775 solutus,
1614 3705 1715 3762 ‘mi
1744 3705 1825 3764 ab
1854 3704 2026 3766 Urbe
2050 3705 2183 3787 plus
2206 3725 2389 3786 quam
2412 3705 2623 3768 decem
2655 3707 2783 3767 dies
2805 3707 2935 3766 ab-.

684 3837 747 3872 ιι.
775 3791 856 3872 13.
969 3791 984 3806 ⁶
1033 3796 1254 3858 ”imtf
1838 3859 1844 3865 -

688 3919 904 3986 Appiam.
1092 3899 1190 3954 10.
1233 3893 1332 3955 At
1367 3894 1460 3956 his
1491 3915 1570 3956 ex
1611 3895 1785 3957 Urbe
1823 3897 2116 3978 digressis,
2160 3899 2462 3961 Antonius
2495 3899 2691 3960 moliri
2724 3899 2914 3962 multa

1010 3990 1286 4064 instituit,
1331 3991 1566 4073 Syriam
1608 3995 1975 4074 provinciam
2018 4005 2326 4078 appetens,
2365 3997 2721 4058 destinatam
2762 3999 2910 4059 Cas-

1007 4086 1132 4147 sio:
1174 4087 1411 4160 deinde,
1457 4091 1602 4169 quia
1645 4091 1761 4151 sibi
1802 4100 2069 4173 paratum
2110 4115 2237 4155 esse
2281 4093 2676 4156 adversarium
2720 4093 2909 4156 Dola·

1008 4181 1231 4244 bellam
1271 4186 1588 4260 sentiebat,
1616 4208 1691 4249 eo
1730 4191 1931 4262 vertit,
1960 4200 2028 4251 ut
2052 4193 2189 4254 huic
2216 4192 2595 4274 persuaderet
2616 4213 2748 4254 eam
2779 4213 2909 4274 pro·

1069 4348 1436 4402 ‘’Sacerdotma
1468 4353 1685 4419 conuicia]
1718 4355 1827 4408 Dio
1864 4357 2028 4409 habet
2060 4357 2301 4424 pontificis
2337 4359 2539 4411 maximi
2578 4357 2788 4419 coniitia,
2828 4358 2912 4410 τὸν

1008 4413 1191 4479 αἵρεσιν
1207 4417 1299 4466 τοῦ
1320 4417 1590 4483 ἀρχιερέως.
1625 4421 1769 4472 Creu.
1912 4438 1923 4460 ·
2712 4457 2717 4462 .
2894 4435 2903 4448 ·
