3300 5234
1769 508 1842 558 ‘1'0
1886 508 2082 559 [alvu

1120 668 1288 711 arum
1332 658 1397 711 et
1440 650 1660 711 tonitru
1701 650 1941 711 mistum
1983 650 2268 730 mugitum
2313 650 2492 711 cient.
2575 646 2758 721 Dein,
2791 648 3006 729 rejectis

1120 746 1555 827 integumentis,
1592 747 1781 827 galeoe
1818 748 2134 830 loricasque
2171 768 2250 809 ex
2293 746 2612 829 Margiane
2651 748 2805 808 ferro
2843 744 3001 807 fulse-

1120 852 1275 905 runt.
1357 844 1486 927 Ipsi
1510 846 1690 906 etiarn
1715 847 1854 927 equi
1879 845 2081 907 ferreis
2105 846 2358 907 aeneisve
2383 846 2646 925 squamis
2671 845 2878 906 muniti
2895 843 3002 903 for-

1120 940 1463 1001 midabilem
1508 941 1854 1003 obtulerunt
1905 943 2164 1023 speciem
2230 942 2578 1003 visentibus.
2710 941 2871 1002 Inter
2909 960 3004 1001 eos

1120 1034 1379 1099 Surenas
1404 1040 1756 1120 proceritate
1789 1038 2074 1120 cultuque
2107 1040 2462 1120 conspicuus
2497 1038 2846 1099 exultabat:
2879 1056 3006 1097 acer

1120 1132 1277 1194 idem
1304 1136 1581 1211 bellator,
1620 1144 1684 1197 et
1717 1138 1956 1218 propius
1983 1135 2292 1197 Medicum
2337 1136 2546 1197 luxum
2579 1135 2816 1195 fucatus
2849 1154 3002 1195 com-

814 1248 1098 1301 TnaGom.
1120 1240 1353 1311 tusque.
1439 1232 1608 1293 Nam
1648 1236 1832 1294 ceteri
1873 1234 2092 1295 Parthi
2135 1242 2258 1294 tum
2301 1234 2482 1294 etiam
2529 1232 2822 1313 Scythico
2853 1252 3002 1291 more

794 1328 843 1365 c.
864 1316 953 1365 ⁸8.

795 1526 929 1577 Plnt.

1120 1326 1543 1411 Germanoque
1567 1330 1828 1391 crinibus
1853 1328 1930 1391 ad
1955 1330 2234 1391 verticem
2261 1328 2516 1403 reflexis,
2553 1329 2614 1389 iu
2645 1326 3004 1389 altitudinem

1118 1427 1529 1487 comebantur.

1196 1528 1299 1583 41.
1339 1522 1560 1583 Parthi
1603 1522 1856 1604 primurn
1899 1522 2136 1583 ordines
2181 1521 2406 1583 infestis
2445 1522 2635 1585 contis
2679 1522 3007 1604 perturbare

1114 1618 1249 1690 nisi,
1304 1628 1617 1700 postquam
1663 1640 1866 1682 eorum
1910 1620 2184 1681 viderunt
2229 1618 2672 1691 firmitudinem,
2723 1628 3006 1679 momento

1030 1726 1039 1741 ·
1115 1713 1352 1797 dilapsi,
1418 1717 1761 1798 priusquam
1827 1717 2092 1778 Romani
2169 1715 2721 1789 animadverterent,
2783 1715 3004 1775 illorum

816 3817 1026 3884 Appia.

778 3882 913 3935 Plut-

1115 1814 1305 1873 aciem
1340 1812 1876 1887 circumdederunt,
1922 1816 2312 1896 emissamque
2360 1836 2398 1876 a
2443 1815 2662 1875 Crasso
2697 1814 2884 1877 levem
2917 1834 3004 1900 ar·

1115 1918 1405 1971 maturam
1430 1911 1716 1990 grandine
1741 1912 1988 1973 telorum
2015 1914 2288 1973 obrutam
2312 1912 2654 1993 repulerunt
2677 1912 2752 1973 ad
2779 1932 3006 1972 suorum

1114 2026 1325 2086 agmen
1351 2028 1369 2068 t
1413 2006 1591 2089 idque
1619 2010 1852 2070 initium
1879 2011 2114 2091 pavoris
2141 2009 2472 2090 legionibus
2496 2009 2633 2081 fuit,
2659 2028 2794 2070 cum
2817 2008 3005 2069 aculei

1112 2105 1457 2183 sagittarum
1484 2106 1613 2186 pari
1640 2105 1920 2168 violentia
1945 2127 2052 2187 per
2077 2116 2333 2167 armatas
2353 2126 2662 2187 corporum
2688 2114 2905 2187 partes,
2937 2124 3006 2164 ac

1115 2219 1221 2280 per
1246 2200 1435 2263 nudas
1458 2202 1660 2263 adacti
1696 2212 2090 2263 cernerentur.
2152 2203 2250 2265 At
2290 2203 2533 2275 Parthi,
2572 2201 2832 2263 diductis
2853 2200 3006 2263 ordi·

1114 2298 1311 2370 nibus,
1358 2298 1622 2379 amplexi
1669 2298 2010 2361 Romanam
2059 2301 2270 2372 aciem,
2326 2300 2575 2379 sagittas
2611 2300 2838 2359 eminus
2879 2296 3005 2357 mit-

1114 2394 1323 2455 tebant
1366 2397 1429 2455 in
1462 2396 1758 2457 confertos
1783 2406 1966 2477 atque
2001 2396 2087 2457 ita
2125 2396 2423 2469 densatos,
2461 2404 2530 2457 ut
2567 2396 2672 2457 vix
2698 2395 2886 2455 ullum
2909 2414 3004 2454 ca-

1112 2490 1253 2551 dere
1278 2493 1406 2553 sine
1430 2513 1593 2555 noxa
1618 2492 1808 2555 telum
1835 2501 2051 2575 posset,
2079 2496 2312 2555 etiamsi
2333 2493 2408 2555 de
2429 2493 2716 2571 industria
2742 2494 3004 2553 aberrare

1110 2586 1452 2650 voluissent.
1538 2588 1872 2669 Affligebat
1895 2590 2210 2651 Romanos
2235 2611 2454 2673 anceps
2479 2588 2722 2661 malum,
2767 2587 2926 2671 quod
2949 2595 3008 2647 et

1110 2693 1333 2745 stantes
1388 2688 1627 2768 impune
1685 2687 2168 2760 vulnerabantur,
2223 2696 2288 2748 et
2330 2689 2382 2749 si
2437 2688 2541 2767 qui
2586 2694 3006 2768 procurrerent,

1112 2800 1305 2862 neque
1332 2784 1618 2861 attingere
1644 2793 1917 2866 poterant
1938 2784 2376 2846 velocissimum
2403 2784 2651 2855 hostem,
2677 2792 2764 2855 et,
2794 2803 2833 2844 a
2858 2783 3004 2843 Par-

1106 2878 1229 2937 this
1246 2880 1397 2939 inter
1418 2878 1762 2958 fugiendum
1786 2880 2168 2943 nihilominus
2191 2882 2316 2941 tela
2331 2880 2758 2963 spargentibus,
2799 2888 2866 2939 ut
2888 2898 3006 2939 mos

1106 2982 1239 3035 erat
1262 2977 1444 3055 genti,
1478 2976 1668 3039 nihilo
1689 2978 1889 3038 mitius
1912 2978 2286 3058 petebantur.

1188 3079 1289 3132 42.
1334 3071 1525 3134 Hunc
1550 3084 1674 3135 tam
1701 3094 1940 3153 gravem
1969 3096 2174 3137 casum
2221 3095 2340 3136 una
2373 3076 2490 3138 hac
2511 3094 2618 3156 spe
2642 3072 3002 3143 solabantur,

1106 3168 1233 3230 fore
1256 3179 1324 3230 ut
1346 3171 1652 3232 exhaustis
1676 3172 2038 3233 Parthorum
2067 3174 2356 3255 pharetris
2393 3193 2468 3233 ea
2489 3174 2838 3253 sagittarum
2859 3182 3002 3233 tem-

1108 3276 1304 3347 pestas
1340 3277 1548 3329 cesset.
1630 3268 1727 3329 At
1765 3272 1868 3330 ubi
1907 3270 2126 3331 multos
2165 3270 2284 3331 illis
2321 3268 2592 3333 camelos
2632 3280 2849 3352 praesto
2883 3290 3002 3330 esse

1106 3361 1242 3422 telis
1264 3375 1505 3426 onustos
1526 3368 1830 3446 cognitum
1850 3378 1960 3438 est,
1990 3367 2238 3428 Crassus
2257 3370 2484 3448 majore
2505 3376 2662 3427 metu
2685 3367 3002 3447 perculsus,

1102 3457 1231 3520 filio
1281 3481 1387 3541 per
1438 3463 1674 3523 nuntios
1723 3464 1988 3536 mandat,
2045 3472 2114 3524 ut
2181 3466 2522 3545 priusquam
2573 3464 2998 3534 circumiretur,

1104 3576 1343 3617 manum
1386 3578 1692 3633 conserere
1727 3569 2020 3641 properet.
2098 3558 2492 3631 Adolescens,
2531 3569 2742 3641 praeter
2779 3560 3002 3640 equites

1106 3651 1293 3725 mille,
1326 3674 1476 3734 quos
1502 3654 1836 3717 adduxerat
1869 3677 1904 3717 e
1941 3654 2178 3728 Gallia,
2223 3656 2500 3719 trecentis
2537 3655 2672 3717 aliis
2713 3656 2999 3727 mamis,

1102 3768 1243 3809 curn
1268 3758 1409 3811 octo
1428 3751 1772 3813 cohortibus
1793 3762 1858 3813 et
1881 3752 2200 3831 sagittariis
2223 3752 2580 3833 quingentis,
2608 3772 2742 3813 cum
2763 3761 3000 3813 evectus

1102 3854 1296 3916 esset:
1341 3841 1585 3919 Parthi,
1638 3850 1764 3909 sive
1807 3846 1970 3929 quod
2014 3850 2074 3907 in
2129 3848 2423 3929 uliginosa
2471 3850 2610 3910 loca
2649 3850 2999 3918 inciderant,

1102 3943 1249 4016 sive,
1294 3952 1363 4004 ut
1390 3943 1495 4004 alii
1530 3943 1935 4025 prodiderunt,
1971 3954 2124 4017 astu,
2163 3956 2232 4006 ut
2253 3966 2432 4026 quam
2457 3945 2794 4026 longissime
2819 3968 2858 4007 a
2883 3945 3000 4005 suis

1102 4040 1439 4120 abriperent
1464 4040 1769 4113 Crassum,
1811 4042 1994 4103 versis
2017 4042 2260 4103 habenis
2283 4044 2575 4104 abierunt.
2644 4041 2787 4104 Nec
2813 4042 2998 4103 caruit

1100 4154 1369 4195 successu
1395 4134 1587 4197 dolus.
1675 4136 1906 4198 Incitat
1941 4158 2160 4217 equum
2187 4137 2551 4211 adolescens,
2595 4148 2614 4175 ‘
2643 4140 2871 4200 hostem
2903 4138 2994 4197 fu-

1102 4230 1267 4310 gere’
1298 4231 1629 4293 clamitans.
1695 4231 2034 4315 Sequuntur
2061 4234 2344 4315 aequales,
2385 4234 2745 4315 Censorinus
2765 4244 2994 4295 senator

1102 4348 1181 4388 ex
1207 4328 1461 4402 disertis,
1490 4339 1551 4390 et
1578 4330 1786 4391 robore
1809 4332 2071 4413 corporis
2096 4332 2393 4414 animique
2416 4332 2756 4415 praecellens
2783 4332 2989 4411 Mega-
