3300 5234
902 523 1115 576 tum
1159 521 1440 575 oxvnr.
1483 519 2135 574 surranum-ffun-
2248 495 2257 506 ’
2463 501 2641 592 5407

409 683 515 747 per
553 663 741 726 altam
779 665 978 727 nivem
1019 663 1478 738 ambulantibus,
1517 664 1727 727 morbo
1768 671 2093 746 correptus,
2136 679 2315 742 quem

411 761 756 824 boulimiam
796 761 1000 824 G‘raeci
1039 773 1278 835 vocant,
1320 765 1542 844 ingenti
1576 762 1873 824 desiderio
1912 762 2033 823 cibi
2076 759 2315 834 deficie-

409 859 556 920 bat:
599 868 661 920 et
697 861 842 942 quia
881 881 1018 922 cum
1059 861 1356 945 expeditis
1393 860 1570 922 valde
1613 868 2049 942 properaverat,
2078 858 2251 938 longe
2277 879 2317 918 a

411 963 576 1036 tergo
611 956 799 1018 relicti
839 964 1010 1018 aaut
1043 965 1427 1019 commeatus.
1510 956 1704 1036 Igitur
1740 956 1818 1017 ad
1850 963 2083 1037 portam
2106 955 2317 1036 oppidi

411 1053 698 1132 progressi
743 1054 984 1126 milites,
1033 1074 1250 1135 panem
1294 1075 1333 1115 a
1375 1053 1660 1134 vigilibus
1704 1051 2019 1135 petierunt.
2102 1050 2317 1131 Atque

411 1150 522 1221 ini,
561 1149 864 1212 intellecta
903 1151 1078 1212 Bruti
1124 1151 1496 1223 necessitate,
1519 1151 1824 1212 ·continuo
1870 1149 2166 1210 affuerunt
2204 1149 2315 1230 ipsi
2342 1158 2473 1211 vell.

409 1267 548 1308 cum
572 1247 808 1309 cibariis
831 1257 894 1322 et
914 1249 1076 1309 vino.
1157 1247 1358 1310 Tanta
1381 1249 1703 1323 enim,erat
1730 1245 1907 1307 Bruti
1932 1246 2223 1325 dignatio,
2250 1253 2319 1306 ut

409 1345 659 1406 cuilibet
692 1345 910 1406 ducum
951 1343 1368 1406 anteferendus
1402 1345 1723 1427 videretur.

491 1450 551 1504 8.
597 1443 794 1522 Igitur
825 1444 936 1504 hos
969 1442 1210 1523 quidem
1245 1444 1472 1525 recepit
1507 1442 1793 1504 volentes.
1878 1439 2003 1502 Sed
2030 1440 2173 1522 quia
2210 1441 2319 1502 ho-

411 1540 631 1600 nestius
669 1541 920 1622 putabat
944 1541 1022 1600 ab
1047 1542 1396 1622 imperatore
1421 1541 1719 1622 accepisse
1746 1538 2025 1618 legiones,
2052 1559 2233 1618 quam
2266 1539 2319 1598 si

409 1646 622 1698 contra
654 1637 1020 1699 voluntatem
1055 1639 1184 1718 ejus
1213 1639 1312 1699 cui
1345 1639 1673 1700 commissae
1700 1636 1959 1708 fuerant,
1986 1635 2064 1696 ad
2100 1655 2162 1695 se
2188 1635 2319 1716 pel-

410 1736 688 1805 lexisset3
718 1737 780 1796 in
806 1717 994 1796 literis
1017 1735 1094 1796 ad
1121 1746 1390 1796 senatum
1413 1735 1675 1817 aliquam
1701 1733 1937 1795 Vatinii
1964 1733 2321 1794 mentionem

412 1831 576 1895 fecit.
663 1831 945 1892 Ceterum
973 1851 1106 1892 eam
1136 1852 1256 1892 non
1288 1830 1609 1892 admodum
1639 1830 1821 1892 fuisse
1856 1839 1961 1891 aut
1993 1830 2216 1892 factam
2240 1847 2321 1912 οξ
2378 1837 2486 1889 Cic.
2506 1838 2636 1890 Phil.

415 1930 632 2002 animo,
660 1935 766 1988 aut
790 1927 1102 2000 creditam,
1129 1927 1226 1989 vel
1255 1927 1393 1989 inde
1420 1927 1693 2006 colligas,
1730 1927 1891 2009 quod
1920 1927 2158 1998 Cicero,
2184 1945 2321 1988 curn
2348 1909 2490 2018 *ἐξά
2514 1967 2648 2020 Phil.

414 2025 492 2087 ab
540 2033 752 2085 senatu
803 2024 1054 2084 honores
1103 2022 1386 2084 laudesve
1431 2023 1673 2085 decerni
1720 2032 2007 2096 censeret,
2059 2023 2319 2096 Vatinii,
2348 2049 2404 2084 x.
2425 2037 2510 2085 ιι.

412 2140 754 2203 quanquam
778 2119 924 2181 olim
950 2119 1340 2192 reconciliati,
1367 2120 1725 2180 mentionem
1751 2121 1987 2201 insuper
2010 2118 2239 2179 habuit.
2380 2097 2490 2150 0⁵⁰·
2519 2095 2585 2145 ’ἁ

491 2226 554 2280 9.
598 2217 764 2278 Dum
800 2217 930 2279 haec
969 2226 1242 2297 aguntur,
1271 2217 1353 2277 ob
1393 2217 1757 2299 multiplices
1782 2215 2177 2298 prodigiorum
2203 2224 2320 2275 ter·
2346 2163 2631 2306 {25:23

412 2335 592 2388 rores,
618 2323 682 2375 et
713 2315 1026 2397 praesentia
1059 2315 1242 2386 mala,
1277 2316 1418 2375 novi
1449 2315 1723 2375 consules
1756 2313 1844 2374 A.
1876 2313 2119 2375 Hirtius
2148 2321 2215 2374 et
2242 2312 2319 2374 C.
2380 2327 2627 2400 Appiam·
2688 2399 2699 2406 ·
2788 2347 2791 2355 ·

414 2413 626 2474 Pansa
657 2412 821 2489 (narn
859 2413 914 2471 is
949 2411 1355 2490 magistratum
1387 2411 1502 2472 hoc
1543 2430 1700 2471 anno
1734 2411 1936 2490 gessit,
1977 2429 2322 2492 quanquam
2348 2392 2458 2444 αἶ’·
2478 2408 2565 2444 ¹¹¹·

411 2509 722 2589 proscripti
745 2507 930 2588 filius)
945 2515 1214 2568 senatum
1232 2507 1526 2568 Keiendis
1537 2505 1578 2568 J
1581 2509 1839 2568 anuariis
1860 2527 1973 2568 con
1980 2507 2323 2568 vocarunt.⁴⁸⁸

415 2605 524 2668 Ne
565 2614 692 2666 tum
735 2603 974 2686 quidem
1017 2603 1158 2666 finis
1201 2605 1490 2664 minarum
1535 2604 1689 2675 suit-3
1748 2611 1813 2666 et
1854 2623 1991 2665 cum
2038 2602 2115 2664 de
2158 2607 2321 2664 inore
2348 2619 2468 2672 Dio,

412 2701 816 2796 sacrificarent
846 2702 1138 2775 consules,
1164 2701 1442 2763 lictorum
1473 2723 1646 2774 unus,
1673 2722 1793 2763 non
1828 2709 2151 2784 apparente
2174 2719 2318 2761 cau·

414 2819 504 2870 sa,
555 2808 796 2881 repente
848 2797 1113 2860 concidit
1161 2806 1446 2860 mortuus.
1557 2797 1755 2877 Igitur
1806 2818 2001 2878 neque
2050 2795 2321 2877 sequenti

412 2895 599 2956 biduo
635 2901 965 2957 cessatum:
1007 2897 1112 2956 sed
1149 2905 1388 2956 senatus
1422 2896 1662 2958 habitus
1695 2906 1787 2958 est
1810 2898 1995 2957 etiam
2038 2895 2323 2978 postridie

417 2992 749 3066 Kalendas,
783 3014 1126 3075 quanquam
1162 2985 1414 3075 antiquo
1449 2993 1795 3075 pontificum
1835 2994 2075 3056 decreto
2110 2993 2321 3074 postri-
2380 3007 2603 3059 Mscmb.

413 3089 514 3153 die
549 3111 752 3153 omnes
788 3091 1122 3163 Kalendas,
1159 3089 1398 3164 Nonas,
1440 3090 1612 3164 Idus,
1639 3092 1755 3153 atri
1790 3091 1920 3153 dies
1948 3090 2320 3152 haberentur.
2347 3071 2448 3123 δη
2471 3089 2509 3123 ¹·
2536 3079 2620 3124 ¹⁶·

419 3185 542 3249 Sed
579 3190 733 3249 inter
772 3187 1146 3268 procuranda
1185 3188 1454 3269 prodigia
1485 3189 1691 3250 extitit
1725 3188 1893 3250 aliud
1918 3189 2187 3250 omnibus
2212 3188 2321 3248 mi·
2347 3137 2648 3255 Εξῐνῖιίῗ

417 3287 646 3348 nacius.
727 3286 970 3366 Quippe
1006 3285 1234 3346 accitus
1267 3287 1346 3346 ab
1383 3285 1627 3348 Etruria
1664 3287 1961 3369 haruspex
1988 3295 2007 3323 ‘
2030 3285 2324 3348 reditura'
2348 3267 2600 3384 οῇΡξζῧ·

417 3382 722 3464 respondit
753 3391 772 3418 ‘
792 3402 993 3462 regna,
1027 3381 1232 3462 qualia
1265 3381 1412 3443 olim
1445 3383 1713 3456 fuissent,
1745 3393 2110 3466 cunctosque
2139 3384 2325 3445 servi-
2445 3364 2462 3383 ⁶
2541 3369 2557 3386 ⁶

415 3489 598 3551 turos,
618 3499 681 3538 se
707 3499 824 3540 uno
850 3489 1104 3560 excepto
1119 3479 1158 3538 τ’
1183 3487 1362 3559 atque
1388 3481 1517 3540 haec
1542 3481 1721 3552 fatus,
1742 3501 2075 3562 compresso
2094 3481 2325 3561 spiritu,

413 3576 634 3638 cecidit
657 3576 971 3636 exanimis.
1056 3575 1380 3635 Decretum
1413 3585 1613 3637 tamen
1652 3586 1859 3658 postea
1883 3587 1994 3648 est,
2024 3585 2041 3614 ‘
2062 3585 2127 3636 ut
2156 3575 2324 3637 Hos·
2350 3599 2467 3649 Dio.

415 3675 548 3737 tilia
585 3677 752 3736 curia
789 3671 1151 3742 reficeretur,
1197 3680 1260 3732 ct
1303 3671 1471 3734 locus
1513 3673 1574 3733 in
1619 3693 1741 3753 quo
1784 3673 1999 3734 navale
2052 3675 2324 3754 praelium

416 3771 613 3833 fuerat
645 3769 870 3830 editum
905 3767 1420 3851 complanaretur!
1505 3768 1840 3830 Minervam
1876 3789 2114 3850 quoque
2145 3769 2323 3831 Cice·
2382 3795 2565 3846 ciem!

415 3868 570 3928 tonis
603 3866 808 3947 reponi
848 3865 1123 3946 placuit,‘¹
1165 3867 1262 3945 cuj
1271 3885 1338 3926 us
1378 3865 1598 3925 circum
1641 3865 1771 3926 haec
1808 3874 2077 3945 tempora
2116 3875 2323 3927 contra
2349 3859 2479 3908 Fam.
2500 3873 2603 3910 ¹¹¹·

418 3963 752 4026 Antonium
807 3963 1070 4023 actiones
1123 3980 1299 4022 nemo
1334 3960 1548 4022 melius
1593 3962 1935 4044 exposuerit
1972 3961 2157 4044 ipsius
2196 3960 2320 4024 elo·
2348 3927 2432 3977 π’

482 4147 514 4177 '⁸
549 4145 616 4196 A.
639 4146 708 4196 U.
730 4147 791 4198 C.
807 4150 926 4197 ⁷89.
961 4145 1025 4214 A„
1049 4146 1112 4196 C.
1131 4149 1218 4195 4³.
1403 4161 1617 4210 cetone,
1637 4146 1703 4197 ad
1726 4147 1871 4199 Fam.
1892 4159 2000 4198 ιιι.
2020 4151 2104 4199 26.
2157 4146 2324 4202 Quin-

478 4211 506 4246 ¹¹
536 4211 814 4263 Miner-uam
951 4226 1038 4276 qne
1094 4210 1336 4262 Cicer-onis
1404 4223 1620 4278 quatrus
1665 4222 1841 4264 sutem
1884 4225 2065 4263 mense
2124 4213 2324 4264 Martio

413 4276 582 4340 reponi
598 4275 805 4341 placuit]
829 4227 950 4328 ἄξιοι
972 4277 1062 4327 illo
1079 4276 1188 4338 die,
1209 4277 1335 4328 Kal.
1406 4277 1810 4330 celebrabantur
1846 4285 1966 4342 post
2002 4278 2138 4327 diem
2175 4277 2325 4342 quin·

415 4343 702 4398 januariis,
745 4342 844 4391 hoc
879 4341 1154 4392 decretum
1199 4350 1282 4392 est
1318 4359 1333 4392 ε
1408 4351 1518 4392 turn
1555 4343 1704 4402 Idus,
1734 4343 1787 4394 id
1828 4351 1914 4393 est
1949 4342 2159 4393 decima
2185 4357 2327 4393 nona

416 4407 509 4460 sed
519 4405 954 4474 Quinquatribus,
972 4415 1108 4458 teste
1123 4407 1240 4482 ipso
1249 4407 1336 4459 Ci-
1409 4409 1612 4470 Martii,
1629 4415 1690 4460 ut
1706 4423 1799 4460 nos
1812 4421 2163 4480 numeramus.
2183 4409 2325 4460 cm·
