3300 5234
655 519 834 596 5410
1622 543 1695 592 r.
1742 539 1935 592 mvn

981 697 1130 761 mm,
1156 687 1478 750 auferetis!
1561 687 1777 768 anue
1804 707 1921 748 vox
1948 685 2199 746 exitium
2222 685 2282 745 ei
2306 683 2666 745 accelerasse
2703 676 2897 744 eradi*-

697 789 832 839 Plut.
859 787 960 839 Au·
982 791 1098 846 tur.
1183 785 1472 866 Namque
1514 784 1722 845 Caesar
1762 783 2055 844 libertatis
2082 781 2570 844 studiosissimum
2606 801 2735 843 esse
2768 801 2899 842 cer-

661 862 764 904 ‘⁰¹¹‘
985 903 1156 956 nens,
1196 883 1462 944 viliorem
1505 881 1727 943 habere
1762 889 2042 962 coeperat.

663 1015 879 1082 Appi-n.
1066 987 1170 1042 60.
1215 979 1378 1041 Haec
1429 1001 1568 1042 cum
1619 981 1683 1039 in
1730 979 1941 1040 castris
1978 977 2341 1050 audirentur,
2386 975 2723 1058 exasperati
2764 983 2905 1070 sunt

989 1079 1229 1150 milites,
1270 1078 1702 1159 confestimque
1743 1077 1823 1137 ad
1866 1077 2100 1138 Urbem
2144 1075 2285 1137 duci
2326 1075 2663 1136 voluerunt.
2760 1072 2903 1133 Nec

991 1177 1197 1240 Caesar
1222 1176 1467 1237 lenivit:
1509 1175 1654 1258 quin
1680 1175 1877 1236 verbis
1900 1173 2203 1252 adaugens
2226 1174 2365 1244 iras,
2386 1172 2643 1233 barbma
2664 1191 2903 1232 suorum

667 1279 784 1330 Dio.
991 1273 1158 1337 dieta
1213 1273 1495 1354 factaque
1565 1293 1685 1334 non
1754 1271 2167 1356 reprehendit3
2228 1275 2499 1332 senatum
2550 1269 2903 1351 increpavit,

995 1381 1014 1408 ⁸
1042 1372 1204 1454 quod
1243 1371 1465 1432 milites
1504 1373 1725 1432 intrare
1756 1371 1985 1432 curiam
2026 1370 2277 1430 inermes
2309 1370 2592 1450 jusserat,
2628 1366 2905 1448 quodque

995 1468 1336 1548 interrogati
1378 1488 1418 1529 a
1459 1477 1729 1528 senatore
1771 1467 2034 1549 quodam
2076 1465 2332 1536 fuerant,
2374 1465 2455 1525 ab
2494 1465 2789 1532 exercitu,
2828 1483 2905 1523 an

995 1585 1138 1626 vero
1164 1584 1203 1625 a
1229 1563 1471 1625 Caesare
1497 1566 1870 1625 mitterentur
1887 1565 1935 1623 ’.Ρ
2017 1563 2214 1643 Igitur
2238 1582 2487 1644 propere
2527 1561 2737 1641 legatis
2772 1561 2909 1640 qui-

667 1643 955 1760 13:013?ae
998 1661 1247 1722 busdam
1275 1661 1354 1722 ad
1383 1660 1671 1744 Lepidum
1697 1669 1760 1721 et
1787 1659 2119 1722 Antonium
2149 1660 2315 1737 (nam
2358 1667 2425 1718 et
2460 1678 2595 1719 cum
2638 1657 2911 1718 Antonio

675 1781 754 1827 18.
996 1759 1272 1839 gratian,
1310 1758 1540 1839 Lepido
1564 1767 1895 1838 satagente,
1920 1757 2364 1835 reconciliarat)
2398 1777 2534 1817 cum
2562 1765 2699 1816 octo
2724 1753 2910 1834 legio-

669 1839 931 1969 ssff‘ffip·
997 1857 1176 1916 nibus
1195 1865 1258 1915 et
1281 1875 1498 1933 magno
1537 1857 1809 1937 equitatu
1846 1865 2028 1936 atque
2054 1853 2319 1924 auxiliis,
2344 1862 2593 1916 coactus
2616 1851 2851 1913 scilicet
2874 1871 2915 1912 a

675 1971 810 2036 pinu.
1003 1952 1315 2022 militibus,
1345 1951 1725 2012 Rubiconem
1754 1952 2007 2021 transiit,
2046 1949 2203 2011 unde
2229 1959 2291 2010 et
2316 1951 2569 2031 proximi
2590 1949 2737 2010 belli
2764 1948 2912 2008 civi-

1003 2047 1078 2110 lis
1121 2050 1356 2110 initium
1403 2048 1614 2110 fuerat,
1702 2049 1856 2110 Inde
1898 2048 2175 2109 bifariam
2214 2049 2483 2108 exercitu
2524 2046 2742 2118 diviso,
2774 2067 2915 2107 cum

1003 2146 1222 2228 potiori
1277 2155 1444 2226 parte
1494 2145 1806 2207 contendit
1856 2145 2143 2217 Romam,
2198 2147 2414 2206 ceteris
2468 2165 2550 2206 ex
2602 2143 2919 2206 commodo

1003 2245 1170 2324 sequi
1203 2244 1410 2324 jussis.

677 2356 797 2406 Dio.
1084 2347 1188 2401 61.
1233 2337 1310 2400 In
1351 2341 1582 2410 itinere,
1621 2347 1691 2399 ut
1726 2335 1797 2398 fit
1829 2339 1934 2398 ubi
1972 2338 2188 2400 milites
2226 2341 2642 2422 imperatorem
2669 2337 2917 2408 ducunt,

1007 2437 1248 2498 minime
1273 2458 1313 2499 a
1337 2437 1649 2499 maleficiis
1682 2445 2096 2518 temperatum.
2182 2437 2483 2498 Homines
2506 2437 2611 2518 qui
2636 2436 2787 2496 forte
2816 2457 2921 2518 per

711 2599 721 2608 ‚
1007 2535 1166 2596 viam
1191 2545 1586 2606 occurrerant,
1615 2545 1679 2595 et
1718 2535 1777 2594 in
1816 2535 1904 2594 his
1939 2554 2123 2616 eques
2149 2535 2488 2607 Romanus,
2516 2555 2625 2617 pro
2648 2532 2920 2616 specula-

679 2637 900 2715 Appianj
1005 2632 1232 2692 toribus
1259 2632 1477 2694 occisi:
1517 2631 1769 2712 direptae
1804 2631 2275 2694 adversariorum
2311 2633 2496 2694 villae.
2582 2631 2790 2711 Legati
2816 2631 2925 2712 qui

1007 2751 1144 2792 cum
1189 2730 1443 2812 pecunia
1488 2721 1828 2801 veniebant,
1867 2729 2127 2791 Caesaris
2166 2731 2393 2793 artibus
2436 2739 2657 2792 terrore
2702 2730 2925 2810 injecto

1009 2828 1369 2908 refugerunt.

1090 2933 1193 2987 62.
1238 2925 1364 2986 Hae
1401 2945 1494 2986 res
1527 2933 1698 2985 tanta
1730 2927 2205 2986 consternatione
2240 2923 2540 3007 replerunt
2568 2923 2822 2996 Urbem,
2860 2909 2945 2985 ut*

683 3013 985 3090 ³¹²¹·9ffi‘q·
1010 3024 1161 3085 nihil
1189 3023 1268 3084 ad
1294 3032 1623 3084 extremum
1649 3033 1929 3084 terrorem
1956 3032 2305 3104 superesset.
2398 3021 2595 3082 Anxii
2620 3031 2839 3104 patres,
2866 3031 2931 3083 et

686 3080 804 3146 App
805 3094 904 3128 nn.
1011 3120 1167 3182 alius
1212 3113 1398 3180 alium
1437 3120 1602 3180 varie
1647 3129 2019 3190 accusantes,
2062 3130 2081 3157 ‘
2111 3119 2275 3201 quod
2316 3120 2617 3180 exercitus
2657 3118 2931 3180 ademtus

1015 3215 1264 3288 Caesari,
1291 3216 1455 3298 quod
1481 3219 1816 3299 triumphus
1840 3216 2187 3298 denegatus,
2212 3217 2377 3300 qnod
2405 3217 2651 3299 praemia
2671 3216 2929 3278 militum

1013 3314 1272 3394 maligne
1299 3324 1721 3397 repraesentata
1745 3316 1983 3387 essent,’
2011 3325 2252 3398 repente
2291 3315 2351 3376 in
2391 3315 2690 3376 contraria
2728 3315 2933 3376 omnia

1014 3414 1404 3474 transierunt:
1449 3433 1738 3494 nusquam
1769 3416 1904 3494 jam
1941 3423 2267 3497 apparente
2306 3413 2619 3484 Cicerone,
2648 3413 2752 3494 qui
2778 3412 2933 3472 mul-

1015 3521 1114 3570 tus
1137 3521 1317 3572 antea
1341 3511 1565 3593 ubique
1589 3510 1801 3573 suerat.
1886 3511 2166 3591 Augetur
2190 3511 2456 3573 donativi
2482 3511 2715 3583 modus,
2738 3531 2933 3591 neque

1017 3607 1251 3669 duabus
1279 3611 1437 3690 jam,
1479 3609 1586 3670 sed
1620 3620 1759 3671 octo
1796 3609 2133 3690 legionibus
2157 3609 2505 3671 decernitur.
2592 3609 2935 3670 Decemviri

713 3725 830 3773 Dio.
866 3722 972 3788 Ap-
1017 3729 1271 3780 cessare,
1325 3707 1532 3769 Caesar
1582 3708 1853 3771 dividere
1904 3710 2151 3790 praemia
2204 3709 2489 3788 jubetur:
2548 3709 2673 3789 ipse
2724 3708 2939 3768 absens

697 3792 829 3855 9¹⁸⁸·
1021 3807 1227 3868 consul
1273 3805 1634 3887 designatur.
1738 3805 1848 3866 Ad
1893 3807 2021 3867 haec
2064 3806 2267 3868 omnia
2306 3804 2701 3886 significanda
2751 3805 2937 3884 legati

1023 3903 1368 3965 festinanter
1392 3905 1759 3964 emittuntur.
1811 3903 1935 3965 Sed
1964 3925 2154 3986 neque
2176 3903 2395 3965 milites
2420 3901 2589 3964 flexit
2607 3904 2937 3984 profectum

697 4021 818 4069 Dio.
1027 4001 1106 4061 ab
1133 4002 1334 4062 invitis
1359 3999 1750 4062 beneficium:
1794 4011 1857 4063 et
1882 4013 2143 4074 senatus,
2169 4002 2329 4063 foeda
2356 4003 2775 4073 inconstantia,
2803 4002 2939 4061 vix-

699 4116 916 4183 Appian.
1027 4096 1170 4158 dum
1191 4101 1438 4178 egressis
1462 4108 1634 4180 porta
1662 4099 1896 4178 legatis,
1920 4099 2237 4160 consilium
2264 4098 2557 4160 mutavit:
2598 4100 2941 4180 excipiente

1028 4206 1251 4256 metum
1279 4197 1525 4278 pudore,
1561 4197 1751 4278 quod,
1792 4196 2038 4277 indigna
2075 4199 2219 4262 viris
2254 4195 2649 4279 trepidatione
2682 4196 2943 4268 subacti,

1029 4313 1212 4372 prono
1256 4293 1417 4354 collo
1462 4295 1811 4375 exciperent
1839 4296 2079 4374 jugum,
2124 4294 2275 4356 nihil
2321 4315 2429 4376 pro
2474 4293 2752 4354 libertate
2792 4294 2942 4354 ausi.

1032 4399 1050 4426 ⁴
1083 4391 1266 4458 Quod
1313 4392 1486 4472 igitur
1537 4401 1749 4474 postea
1797 4401 2147 4454 vacaturum
2198 4391 2464 4476 periculo
2508 4401 2571 4452 et
2622 4391 2944 4470 ignominia
