<?xml version="1.0" encoding="UTF-8"?>
<!DOCTYPE html PUBLIC "-//W3C//DTD XHTML 1.0 Transitional//EN"
    "http://www.w3.org/TR/xhtml1/DTD/xhtml1-transitional.dtd">
<html xmlns="http://www.w3.org/1999/xhtml" xml:lang="en" lang="en">
 <head>
  <title>
</title>
<meta http-equiv="Content-Type" content="text/html;charset=utf-8" />
  <meta name='ocr-system' content='tesseract 3.04.00' />
  <meta name='ocr-capabilities' content='ocr_page ocr_carea ocr_par ocr_line ocrx_word'/>
</head>
<body>
  <div class='ocr_page' id='page_1' title='image "./tliviipatavinih35unkngoog/tliviipatavinih35unkngoog_0378.png"; bbox 0 0 3300 5234; ppageno 0'>
   <div class='ocr_carea' id='block_1_1' title="bbox 624 833 877 886">
    <p class='ocr_par' dir='ltr' id='par_1_1' title="bbox 624 833 877 886">
     <span class='ocr_line' id='line_1_1' title="bbox 624 833 877 886; baseline -0.008 0"><span class='ocrx_word' id='word_1_1' title='bbox 624 837 631 844; x_wconf 79' lang='grc'><strong><em>’</em></strong></span> <span class='ocrx_word' id='word_1_2' title='bbox 758 833 877 886; x_wconf 80' lang='lat' dir='ltr'><strong>Dio.</strong></span> 
     </span>
    </p>
   </div>
   <div class='ocr_carea' id='block_1_2' title="bbox 1725 597 2030 646">
    <p class='ocr_par' dir='ltr' id='par_1_2' title="bbox 1725 597 2030 646">
     <span class='ocr_line' id='line_1_2' title="bbox 1725 597 2030 646; baseline -0.007 0"><span class='ocrx_word' id='word_1_3' title='bbox 1725 597 1794 646; x_wconf 80' lang='grc' dir='ltr'><strong>Τ.</strong></span> <span class='ocrx_word' id='word_1_4' title='bbox 1845 597 2030 646; x_wconf 72' lang='lat' dir='ltr'><strong>mvn</strong></span> 
     </span>
    </p>
   </div>
   <div class='ocr_carea' id='block_1_3' title="bbox 1082 737 3004 1997">
    <p class='ocr_par' dir='ltr' id='par_1_3' title="bbox 1082 737 3004 1878">
     <span class='ocr_line' id='line_1_3' title="bbox 1168 737 2998 820; baseline -0.001 -20"><span class='ocrx_word' id='word_1_5' title='bbox 1168 745 1269 800; x_wconf 72' lang='lat'><strong>26.</strong></span> <span class='ocrx_word' id='word_1_6' title='bbox 1312 737 1437 800; x_wconf 84' lang='lat' dir='ltr'><strong>Sed</strong></span> <span class='ocrx_word' id='word_1_7' title='bbox 1462 737 1713 800; x_wconf 78' lang='lat' dir='ltr'><strong>aliorum</strong></span> <span class='ocrx_word' id='word_1_8' title='bbox 1739 741 1990 800; x_wconf 85' lang='lat' dir='ltr'><strong>inermes</strong></span> <span class='ocrx_word' id='word_1_9' title='bbox 2013 748 2186 802; x_wconf 78' lang='lat' dir='ltr'><strong>erent</strong></span> <span class='ocrx_word' id='word_1_10' title='bbox 2209 737 2492 820; x_wconf 78' lang='lat' dir='ltr'><strong>querelae,</strong></span> <span class='ocrx_word' id='word_1_11' title='bbox 2519 759 2630 800; x_wconf 88' lang='lat' dir='ltr'><strong>nec</strong></span> <span class='ocrx_word' id='word_1_12' title='bbox 2657 738 2814 800; x_wconf 81' lang='lat' dir='ltr'><strong>ultra</strong></span> <span class='ocrx_word' id='word_1_13' title='bbox 2835 739 2998 800; x_wconf 86' lang='lat' dir='ltr'><strong>soni·</strong></span> 
     </span>
     <span class='ocr_line' id='line_1_4' title="bbox 1085 837 3000 920; baseline 0.001 -24"><span class='ocrx_word' id='word_1_14' title='bbox 1085 843 1213 896; x_wconf 90' lang='lat' dir='ltr'><strong>tum</strong></span> <span class='ocrx_word' id='word_1_15' title='bbox 1238 857 1591 920; x_wconf 69' lang='lat' dir='ltr'><strong>processurae</strong></span> <span class='ocrx_word' id='word_1_16' title='bbox 1612 837 1874 898; x_wconf 88' lang='lat' dir='ltr'><strong>inanium</strong></span> <span class='ocrx_word' id='word_1_17' title='bbox 1893 857 2140 900; x_wconf 77' lang='lat' dir='ltr'><strong>vocum:</strong></span> <span class='ocrx_word' id='word_1_18' title='bbox 2185 837 2402 898; x_wconf 87' lang='lat' dir='ltr'><strong>milites</strong></span> <span class='ocrx_word' id='word_1_19' title='bbox 2419 838 2746 918; x_wconf 69' lang='lat' dir='ltr'>perniciose</span> <span class='ocrx_word' id='word_1_20' title='bbox 2773 837 3000 898; x_wconf 82' lang='lat' dir='ltr'><strong>moveri</strong></span> 
     </span>
     <span class='ocr_line' id='line_1_5' title="bbox 1084 935 3002 1016; baseline 0 -20"><span class='ocrx_word' id='word_1_21' title='bbox 1084 944 1409 1016; x_wconf 84' lang='lat' dir='ltr'><strong>coeperant,</strong></span> <span class='ocrx_word' id='word_1_22' title='bbox 1436 955 1555 998; x_wconf 89' lang='lat' dir='ltr'><strong>non</strong></span> <span class='ocrx_word' id='word_1_23' title='bbox 1582 955 1728 998; x_wconf 90' lang='lat' dir='ltr'><strong>cura</strong></span> <span class='ocrx_word' id='word_1_24' title='bbox 1750 936 1978 998; x_wconf 85' lang='lat' dir='ltr'><strong>bonesti</strong></span> <span class='ocrx_word' id='word_1_25' title='bbox 2005 945 2112 998; x_wconf 88' lang='lat' dir='ltr'><strong>aut</strong></span> <span class='ocrx_word' id='word_1_26' title='bbox 2147 937 2446 998; x_wconf 88' lang='lat' dir='ltr'><strong>inutilium</strong></span> <span class='ocrx_word' id='word_1_27' title='bbox 2469 945 2768 996; x_wconf 87' lang='lat' dir='ltr'><strong>sumtuum</strong></span> <span class='ocrx_word' id='word_1_28' title='bbox 2791 935 3002 1008; x_wconf 60' lang='lat' dir='ltr'><strong>tedio,</strong></span> 
     </span>
     <span class='ocr_line' id='line_1_6' title="bbox 1085 1031 3002 1116; baseline 0.001 -24"><span class='ocrx_word' id='word_1_29' title='bbox 1085 1031 1189 1092; x_wconf 89' lang='lat' dir='ltr'><strong>sed</strong></span> <span class='ocrx_word' id='word_1_30' title='bbox 1216 1033 1362 1113; x_wconf 90' lang='lat' dir='ltr'><strong>quia</strong></span> <span class='ocrx_word' id='word_1_31' title='bbox 1380 1052 1497 1094; x_wconf 87' lang='lat' dir='ltr'><strong>non</strong></span> <span class='ocrx_word' id='word_1_32' title='bbox 1526 1033 1726 1114; x_wconf 86' lang='lat' dir='ltr'><strong>potius</strong></span> <span class='ocrx_word' id='word_1_33' title='bbox 1753 1031 1904 1094; x_wconf 83' lang='lat' dir='ltr'><strong>inter</strong></span> <span class='ocrx_word' id='word_1_34' title='bbox 1929 1035 2086 1115; x_wconf 86' lang='lat' dir='ltr'><strong>ipsos</strong></span> <span class='ocrx_word' id='word_1_35' title='bbox 2111 1035 2364 1116; x_wconf 87' lang='lat' dir='ltr'><strong>pecunia</strong></span> <span class='ocrx_word' id='word_1_36' title='bbox 2388 1033 2792 1095; x_wconf 79' lang='lat' dir='ltr'><strong>dividebatur.</strong></span> <span class='ocrx_word' id='word_1_37' title='bbox 2861 1031 3002 1094; x_wconf 82' lang='lat' dir='ltr'><strong>Ne·</strong></span> 
     </span>
     <span class='ocr_line' id='line_1_7' title="bbox 1084 1131 3004 1212; baseline 0.001 -23"><span class='ocrx_word' id='word_1_38' title='bbox 1084 1149 1204 1210; x_wconf 87' lang='lat' dir='ltr'><strong>que</strong></span> <span class='ocrx_word' id='word_1_39' title='bbox 1228 1131 1601 1210; x_wconf 79' lang='lat' dir='ltr'><strong>quieverunt,</strong></span> <span class='ocrx_word' id='word_1_40' title='bbox 1632 1133 1974 1212; x_wconf 85' lang='lat' dir='ltr'><strong>priusquam</strong></span> <span class='ocrx_word' id='word_1_41' title='bbox 2011 1153 2122 1194; x_wconf 87' lang='lat' dir='ltr'><strong>sua</strong></span> <span class='ocrx_word' id='word_1_42' title='bbox 2153 1151 2334 1192; x_wconf 82' lang='lat' dir='ltr'><strong>mnnu</strong></span> <span class='ocrx_word' id='word_1_43' title='bbox 2357 1143 2696 1212; x_wconf 87' lang='lat' dir='ltr'><strong>correptum</strong></span> <span class='ocrx_word' id='word_1_44' title='bbox 2734 1131 3004 1210; x_wconf 76' lang='lat' dir='ltr'>aliquem</span> 
     </span>
     <span class='ocr_line' id='line_1_8' title="bbox 1082 1215 3001 1312; baseline 0.001 -25"><span class='ocrx_word' id='word_1_45' title='bbox 1082 1229 1499 1308; x_wconf 85' lang='lat' dir='ltr'><strong>superveniens</strong></span> <span class='ocrx_word' id='word_1_46' title='bbox 1524 1229 1730 1290; x_wconf 67' lang='lat' dir='ltr'><strong>Coessr</strong></span> <span class='ocrx_word' id='word_1_47' title='bbox 1753 1215 1840 1290; x_wconf 59' lang='lat' dir='ltr'><strong>ad*</strong></span> <span class='ocrx_word' id='word_1_48' title='bbox 1863 1229 2225 1312; x_wconf 87' lang='lat' dir='ltr'><strong>supplicium</strong></span> <span class='ocrx_word' id='word_1_49' title='bbox 2261 1215 2704 1292; x_wconf 63' lang='lat' dir='ltr'>centurionibus</span> <span class='ocrx_word' id='word_1_50' title='bbox 2729 1227 3001 1290; x_wconf 77' lang='lat' dir='ltr'><strong>tradidit.</strong></span> 
     </span>
     <span class='ocr_line' id='line_1_9' title="bbox 1082 1323 3002 1408; baseline 0.001 -22"><span class='ocrx_word' id='word_1_51' title='bbox 1082 1323 1210 1386; x_wconf 82' lang='lat' dir='ltr'><strong>Sed</strong></span> <span class='ocrx_word' id='word_1_52' title='bbox 1244 1325 1343 1387; x_wconf 85' lang='lat' dir='ltr'><strong>hic</strong></span> <span class='ocrx_word' id='word_1_53' title='bbox 1386 1325 1635 1407; x_wconf 83' lang='lat' dir='ltr'><strong>quidem</strong></span> <span class='ocrx_word' id='word_1_54' title='bbox 1674 1346 1794 1388; x_wconf 88' lang='lat' dir='ltr'><strong>non</strong></span> <span class='ocrx_word' id='word_1_55' title='bbox 1837 1327 2054 1407; x_wconf 81' lang='lat' dir='ltr'><strong>injuste</strong></span> <span class='ocrx_word' id='word_1_56' title='bbox 2091 1328 2368 1408; x_wconf 77' lang='lat' dir='ltr'><strong>perierat.</strong></span> <span class='ocrx_word' id='word_1_57' title='bbox 2455 1326 2630 1388; x_wconf 87' lang='lat' dir='ltr'><strong>Duos</strong></span> <span class='ocrx_word' id='word_1_58' title='bbox 2655 1325 2810 1386; x_wconf 87' lang='lat' dir='ltr'><strong>alios</strong></span> <span class='ocrx_word' id='word_1_59' title='bbox 2835 1327 3002 1388; x_wconf 86' lang='lat' dir='ltr'><strong>inuo-</strong></span> 
     </span>
     <span class='ocr_line' id='line_1_10' title="bbox 1082 1425 3000 1508; baseline 0 -24"><span class='ocrx_word' id='word_1_60' title='bbox 1082 1432 1287 1484; x_wconf 87' lang='lat' dir='ltr'><strong>centes</strong></span> <span class='ocrx_word' id='word_1_61' title='bbox 1324 1425 1722 1487; x_wconf 65' lang='lat' dir='ltr'><strong>stolidissime</strong></span> <span class='ocrx_word' id='word_1_62' title='bbox 1761 1426 2196 1508; x_wconf 72' lang='lat' dir='ltr'><strong>superstitionis</strong></span> <span class='ocrx_word' id='word_1_63' title='bbox 2225 1425 2546 1486; x_wconf 83' lang='lat' dir='ltr'><strong>crudelitas</strong></span> <span class='ocrx_word' id='word_1_64' title='bbox 2565 1426 2895 1496; x_wconf 85' lang='lat' dir='ltr'><strong>·absumsit,</strong></span> <span class='ocrx_word' id='word_1_65' title='bbox 2925 1445 3000 1484; x_wconf 86' lang='lat' dir='ltr'><strong>ne</strong></span> 
     </span>
     <span class='ocr_line' id='line_1_11' title="bbox 1084 1520 3002 1605; baseline 0.001 -23"><span class='ocrx_word' id='word_1_66' title='bbox 1084 1520 1313 1604; x_wconf 85' lang='lat' dir='ltr'><strong>publici</strong></span> <span class='ocrx_word' id='word_1_67' title='bbox 1339 1522 1582 1603; x_wconf 91' lang='lat' dir='ltr'><strong>quidem</strong></span> <span class='ocrx_word' id='word_1_68' title='bbox 1599 1523 1814 1584; x_wconf 88' lang='lat' dir='ltr'><strong>erroris</strong></span> <span class='ocrx_word' id='word_1_69' title='bbox 1831 1523 1958 1585; x_wconf 90' lang='lat' dir='ltr'><strong>ullo</strong></span> <span class='ocrx_word' id='word_1_70' title='bbox 1989 1533 2280 1605; x_wconf 70' lang='lat' dir='ltr'><strong>praetextu</strong></span> <span class='ocrx_word' id='word_1_71' title='bbox 2305 1522 2568 1584; x_wconf 85' lang='lat' dir='ltr'><strong>defensa.</strong></span> <span class='ocrx_word' id='word_1_72' title='bbox 2653 1522 2816 1582; x_wconf 84' lang='lat' dir='ltr'><strong>Cum</strong></span> <span class='ocrx_word' id='word_1_73' title='bbox 2843 1523 3002 1584; x_wconf 86' lang='lat' dir='ltr'><strong>enim</strong></span> 
     </span>
     <span class='ocr_line' id='line_1_12' title="bbox 1084 1619 3002 1702; baseline 0.001 -22"><span class='ocrx_word' id='word_1_74' title='bbox 1084 1638 1277 1700; x_wconf 86' lang='lat' dir='ltr'><strong>neque</strong></span> <span class='ocrx_word' id='word_1_75' title='bbox 1303 1619 1617 1702; x_wconf 76' lang='lat' dir='ltr'><strong>Sibyllinis</strong></span> <span class='ocrx_word' id='word_1_76' title='bbox 1650 1620 1817 1682; x_wconf 90' lang='lat' dir='ltr'><strong>libris</strong></span> <span class='ocrx_word' id='word_1_77' title='bbox 1839 1622 1956 1683; x_wconf 86' lang='lat' dir='ltr'><strong>hoc</strong></span> <span class='ocrx_word' id='word_1_78' title='bbox 1983 1623 2218 1701; x_wconf 80' lang='lat' dir='ltr'><strong>jussum</strong></span> <span class='ocrx_word' id='word_1_79' title='bbox 2255 1631 2432 1692; x_wconf 84' lang='lat' dir='ltr'><strong>esset,</strong></span> <span class='ocrx_word' id='word_1_80' title='bbox 2472 1640 2668 1701; x_wconf 90' lang='lat' dir='ltr'><strong>neque</strong></span> <span class='ocrx_word' id='word_1_81' title='bbox 2711 1619 2842 1681; x_wconf 89' lang='lat' dir='ltr'><strong>ullo</strong></span> <span class='ocrx_word' id='word_1_82' title='bbox 2883 1619 3002 1682; x_wconf 81' lang='lat' dir='ltr'><strong>alio</strong></span> 
     </span>
     <span class='ocr_line' id='line_1_13' title="bbox 1085 1715 3004 1802; baseline 0.001 -24"><span class='ocrx_word' id='word_1_83' title='bbox 1085 1725 1323 1797; x_wconf 76' lang='lat' dir='ltr'><strong>recepto</strong></span> <span class='ocrx_word' id='word_1_84' title='bbox 1346 1718 1614 1789; x_wconf 88' lang='lat' dir='ltr'><strong>oraculo,</strong></span> <span class='ocrx_word' id='word_1_85' title='bbox 1652 1717 1774 1779; x_wconf 92' lang='lat' dir='ltr'><strong>duo</strong></span> <span class='ocrx_word' id='word_1_86' title='bbox 1797 1719 1910 1778; x_wconf 82' lang='lat' dir='ltr'><strong>viri</strong></span> <span class='ocrx_word' id='word_1_87' title='bbox 1936 1719 1996 1778; x_wconf 90' lang='lat' dir='ltr'><strong>in</strong></span> <span class='ocrx_word' id='word_1_88' title='bbox 2035 1719 2270 1802; x_wconf 74' lang='lat' dir='ltr'><strong>Campo</strong></span> <span class='ocrx_word' id='word_1_89' title='bbox 2299 1717 2524 1779; x_wconf 67' lang='lat' dir='ltr'><strong>Martio</strong></span> <span class='ocrx_word' id='word_1_90' title='bbox 2547 1739 2587 1778; x_wconf 80' lang='lat' dir='ltr'><strong>a</strong></span> <span class='ocrx_word' id='word_1_91' title='bbox 2623 1715 3004 1798; x_wconf 82' lang='lat' dir='ltr'><strong>pontificibus</strong></span> 
     </span>
     <span class='ocr_line' id='line_1_14' title="bbox 1086 1813 2207 1878; baseline 0.004 -4"><span class='ocrx_word' id='word_1_92' title='bbox 1086 1823 1149 1874; x_wconf 91' lang='lat' dir='ltr'><strong>et</strong></span> <span class='ocrx_word' id='word_1_93' title='bbox 1174 1813 1447 1876; x_wconf 77' lang='lat' dir='ltr'><strong>Martiali</strong></span> <span class='ocrx_word' id='word_1_94' title='bbox 1471 1815 1712 1876; x_wconf 85' lang='lat' dir='ltr'><strong>flamine</strong></span> <span class='ocrx_word' id='word_1_95' title='bbox 1739 1815 2026 1878; x_wconf 83' lang='lat' dir='ltr'><strong>immolati</strong></span> <span class='ocrx_word' id='word_1_96' title='bbox 2051 1827 2207 1878; x_wconf 85' lang='lat' dir='ltr'><strong>sunt.</strong></span> 
     </span>
    </p>

    <p class='ocr_par' dir='ltr' id='par_1_4' title="bbox 1168 1912 3000 1997">
     <span class='ocr_line' id='line_1_15' title="bbox 1168 1912 3000 1997; baseline 0.001 -25"><span class='ocrx_word' id='word_1_97' title='bbox 1168 1917 1271 1976; x_wconf 78' lang='lat'><strong>27.</strong></span> <span class='ocrx_word' id='word_1_98' title='bbox 1315 1912 1471 1974; x_wconf 89' lang='lat' dir='ltr'><strong>Inde</strong></span> <span class='ocrx_word' id='word_1_99' title='bbox 1496 1933 1816 1975; x_wconf 77' lang='lat' dir='ltr'><strong>conversus</strong></span> <span class='ocrx_word' id='word_1_100' title='bbox 1840 1913 1921 1975; x_wconf 79' lang='lat' dir='ltr'><strong>nd</strong></span> <span class='ocrx_word' id='word_1_101' title='bbox 1961 1915 2358 1976; x_wconf 83' lang='lat' dir='ltr'><strong>ordinandum</strong></span> <span class='ocrx_word' id='word_1_102' title='bbox 2389 1914 2740 1997; x_wconf 68' lang='lat' dir='ltr'><strong>reipublicae</strong></span> <span class='ocrx_word' id='word_1_103' title='bbox 2761 1923 3000 1985; x_wconf 85' lang='lat' dir='ltr'><strong>statum,</strong></span> 
     </span>
    </p>
   </div>
   <div class='ocr_carea' id='block_1_4' title="bbox 796 2009 3008 2094">
    <p class='ocr_par' dir='ltr' id='par_1_5' title="bbox 796 2009 3008 2094">
     <span class='ocr_line' id='line_1_16' title="bbox 796 2009 3008 2094; baseline 0.002 -26"><span class='ocrx_word' id='word_1_104' title='bbox 796 2009 996 2061; x_wconf 80' lang='lat' dir='ltr'><strong>Sueton.</strong></span> <span class='ocrx_word' id='word_1_105' title='bbox 1076 2009 1317 2091; x_wconf 83' lang='lat' dir='ltr'><strong>judicia</strong></span> <span class='ocrx_word' id='word_1_106' title='bbox 1356 2013 1724 2072; x_wconf 82' lang='lat' dir='ltr'><strong>senatoribus</strong></span> <span class='ocrx_word' id='word_1_107' title='bbox 1757 2022 1820 2073; x_wconf 87' lang='lat' dir='ltr'><strong>et</strong></span> <span class='ocrx_word' id='word_1_108' title='bbox 1861 2013 2050 2093; x_wconf 88' lang='lat' dir='ltr'><strong>equiti</strong></span> <span class='ocrx_word' id='word_1_109' title='bbox 2093 2012 2364 2084; x_wconf 85' lang='lat' dir='ltr'><strong>tradidit,</strong></span> <span class='ocrx_word' id='word_1_110' title='bbox 2405 2013 2648 2074; x_wconf 86' lang='lat' dir='ltr'><strong>remotis</strong></span> <span class='ocrx_word' id='word_1_111' title='bbox 2685 2013 2796 2094; x_wconf 89' lang='lat' dir='ltr'><strong>qui</strong></span> <span class='ocrx_word' id='word_1_112' title='bbox 2849 2012 3008 2072; x_wconf 81' lang='lat' dir='ltr'><strong>tertii</strong></span> 
     </span>
    </p>
   </div>
   <div class='ocr_carea' id='block_1_5' title="bbox 758 2075 1064 2518">
    <p class='ocr_par' dir='ltr' id='par_1_6' title="bbox 760 2075 997 2126">
     <span class='ocr_line' id='line_1_17' title="bbox 760 2075 997 2126; baseline -0.004 -1"><span class='ocrx_word' id='word_1_113' title='bbox 760 2075 891 2125; x_wconf 68' lang='lat' dir='ltr'><strong>Cu.</strong></span> <span class='ocrx_word' id='word_1_114' title='bbox 913 2079 997 2126; x_wconf 72' lang='lat'><strong>41.</strong></span> 
     </span>
    </p>

    <p class='ocr_par' dir='ltr' id='par_1_7' title="bbox 758 2139 997 2254">
     <span class='ocr_line' id='line_1_18' title="bbox 758 2139 875 2190; baseline 0.017 -2"><span class='ocrx_word' id='word_1_115' title='bbox 758 2139 875 2190; x_wconf 86' lang='lat' dir='ltr'><strong>Dio.</strong></span> 
     </span>
     <span class='ocr_line' id='line_1_19' title="bbox 792 2206 997 2254; baseline 0 0"><span class='ocrx_word' id='word_1_116' title='bbox 792 2206 997 2254; x_wconf 74' lang='lat' dir='ltr'><strong>Sueten.</strong></span> 
     </span>
    </p>

    <p class='ocr_par' dir='ltr' id='par_1_8' title="bbox 759 2269 1064 2320">
     <span class='ocr_line' id='line_1_20' title="bbox 759 2269 1064 2320; baseline 0 0"><span class='ocrx_word' id='word_1_117' title='bbox 759 2269 889 2320; x_wconf 55' lang='lat' dir='ltr'><strong>Cas.</strong></span> <span class='ocrx_word' id='word_1_118' title='bbox 910 2287 957 2320; x_wconf 90' lang='lat' dir='ltr'><strong>c.</strong></span> <span class='ocrx_word' id='word_1_119' title='bbox 980 2273 1064 2320; x_wconf 72' lang='lat'><strong>20.</strong></span> 
     </span>
    </p>

    <p class='ocr_par' dir='ltr' id='par_1_9' title="bbox 766 2333 1063 2386">
     <span class='ocr_line' id='line_1_21' title="bbox 766 2333 1063 2386; baseline 0.017 -8"><span class='ocrx_word' id='word_1_120' title='bbox 766 2363 777 2378; x_wconf 87' lang='lat'><strong>.</strong></span> <span class='ocrx_word' id='word_1_121' title='bbox 794 2333 901 2386; x_wconf 87' lang='lat' dir='ltr'><strong>Cic.</strong></span> <span class='ocrx_word' id='word_1_122' title='bbox 929 2334 1063 2385; x_wconf 70' lang='lat' dir='ltr'><strong>Phil.</strong></span> 
     </span>
    </p>

    <p class='ocr_par' dir='ltr' id='par_1_10' title="bbox 762 2405 875 2450">
     <span class='ocr_line' id='line_1_22' title="bbox 762 2405 875 2450; baseline 0.018 -2"><span class='ocrx_word' id='word_1_123' title='bbox 762 2415 803 2448; x_wconf 84' lang='grc' dir='ltr'><strong>ι.</strong></span> <span class='ocrx_word' id='word_1_124' title='bbox 824 2405 875 2450; x_wconf 83' lang='grc'><strong>8.</strong></span> 
     </span>
    </p>

    <p class='ocr_par' dir='ltr' id='par_1_11' title="bbox 760 2463 881 2518">
     <span class='ocr_line' id='line_1_23' title="bbox 760 2463 881 2518; baseline 0 -4"><span class='ocrx_word' id='word_1_125' title='bbox 760 2463 881 2518; x_wconf 83' lang='lat' dir='ltr'><strong>Dio.</strong></span> 
     </span>
    </p>
   </div>
   <div class='ocr_carea' id='block_1_6' title="bbox 762 2693 1064 2811">
    <p class='ocr_par' dir='ltr' id='par_1_12' title="bbox 762 2693 1064 2811">
     <span class='ocr_line' id='line_1_24' title="bbox 788 2693 988 2742; baseline -0.005 0"><span class='ocrx_word' id='word_1_126' title='bbox 788 2693 988 2742; x_wconf 78' lang='lat' dir='ltr'><strong>Sueton-</strong></span> 
     </span>
     <span class='ocr_line' id='line_1_25' title="bbox 762 2758 1064 2811; baseline 0 -2"><span class='ocrx_word' id='word_1_127' title='bbox 762 2758 891 2809; x_wconf 69' lang='lat' dir='ltr'><strong>Cu.</strong></span> <span class='ocrx_word' id='word_1_128' title='bbox 914 2775 959 2809; x_wconf 86' lang='lat' dir='ltr'><strong>c.</strong></span> <span class='ocrx_word' id='word_1_129' title='bbox 977 2763 1064 2811; x_wconf 72' lang='lat'><strong>42.</strong></span> 
     </span>
    </p>
   </div>
   <div class='ocr_carea' id='block_1_7' title="bbox 760 3478 962 3628">
    <p class='ocr_par' dir='ltr' id='par_1_13' title="bbox 760 3478 962 3628">
     <span class='ocr_line' id='line_1_26' title="bbox 761 3478 877 3530; baseline 0.017 -2"><span class='ocrx_word' id='word_1_130' title='bbox 761 3478 877 3530; x_wconf 87' lang='lat' dir='ltr'><strong>Dio.</strong></span> 
     </span>
     <span class='ocr_line' id='line_1_27' title="bbox 760 3579 962 3628; baseline 0.01 -2"><span class='ocrx_word' id='word_1_131' title='bbox 760 3579 962 3628; x_wconf 80' lang='lat' dir='ltr'><strong>Sueten.</strong></span> 
     </span>
    </p>
   </div>
   <div class='ocr_carea' id='block_1_8' title="bbox 758 3775 1044 3992">
    <p class='ocr_par' dir='ltr' id='par_1_14' title="bbox 758 3775 1044 3992">
     <span class='ocr_line' id='line_1_28' title="bbox 759 3775 879 3827; baseline 0.025 -3"><span class='ocrx_word' id='word_1_132' title='bbox 759 3775 879 3827; x_wconf 74' lang='lat' dir='ltr'><strong>Dio.</strong></span> 
     </span>
     <span class='ocr_line' id='line_1_29' title="bbox 788 3873 991 3926; baseline 0.03 -6"><span class='ocrx_word' id='word_1_133' title='bbox 788 3873 991 3926; x_wconf 66' lang='lat' dir='ltr'><strong>sueton·</strong></span> 
     </span>
     <span class='ocr_line' id='line_1_30' title="bbox 758 3937 1044 3992; baseline 0.007 -5"><span class='ocrx_word' id='word_1_134' title='bbox 758 3937 885 3989; x_wconf 70' lang='lat' dir='ltr'><strong>Coes.</strong></span> <span class='ocrx_word' id='word_1_135' title='bbox 898 3956 945 3988; x_wconf 88' lang='lat' dir='ltr'><strong>c.</strong></span> <span class='ocrx_word' id='word_1_136' title='bbox 960 3945 1044 3992; x_wconf 68' lang='lat'><strong>4⁸.</strong></span> 
     </span>
    </p>
   </div>
   <div class='ocr_carea' id='block_1_9' title="bbox 760 4067 973 4183">
    <p class='ocr_par' dir='ltr' id='par_1_15' title="bbox 760 4067 973 4183">
     <span class='ocr_line' id='line_1_31' title="bbox 794 4067 973 4120; baseline 0.022 -5"><span class='ocrx_word' id='word_1_137' title='bbox 794 4067 973 4120; x_wconf 86' lang='lat' dir='ltr'><strong>Euseb.</strong></span> 
     </span>
     <span class='ocr_line' id='line_1_32' title="bbox 760 4131 941 4183; baseline 0.006 -1"><span class='ocrx_word' id='word_1_138' title='bbox 760 4131 941 4183; x_wconf 78' lang='lat' dir='ltr'><strong>chron.</strong></span> 
     </span>
    </p>
   </div>
   <div class='ocr_carea' id='block_1_10' title="bbox 758 4203 1062 4253">
    <p class='ocr_par' dir='ltr' id='par_1_16' title="bbox 758 4203 1062 4253">
     <span class='ocr_line' id='line_1_33' title="bbox 758 4203 1062 4253; baseline 0.016 -5"><span class='ocrx_word' id='word_1_139' title='bbox 758 4211 890 4248; x_wconf 85' lang='lat' dir='ltr'><strong>num.</strong></span> <span class='ocrx_word' id='word_1_140' title='bbox 914 4203 1062 4253; x_wconf 80' lang='grc'><strong>1972.</strong></span> 
     </span>
    </p>
   </div>
   <div class='ocr_carea' id='block_1_11' title="bbox 758 4345 960 4394">
    <p class='ocr_par' dir='ltr' id='par_1_17' title="bbox 758 4345 960 4394">
     <span class='ocr_line' id='line_1_34' title="bbox 758 4345 960 4394; baseline 0.005 -1"><span class='ocrx_word' id='word_1_141' title='bbox 758 4345 960 4394; x_wconf 76' lang='lat' dir='ltr'><strong>Sueten.</strong></span> 
     </span>
    </p>
   </div>
   <div class='ocr_carea' id='block_1_12' title="bbox 1082 2108 3014 4529">
    <p class='ocr_par' dir='ltr' id='par_1_18' title="bbox 1082 2108 3010 3435">
     <span class='ocr_line' id='line_1_35' title="bbox 1088 2108 3006 2194; baseline 0 -24"><span class='ocrx_word' id='word_1_142' title='bbox 1088 2108 1307 2170; x_wconf 88' lang='lat' dir='ltr'><strong>ordinis</strong></span> <span class='ocrx_word' id='word_1_143' title='bbox 1329 2109 1567 2173; x_wconf 74' lang='lat' dir='ltr'><strong>fuerent</strong></span> <span class='ocrx_word' id='word_1_144' title='bbox 1600 2111 1822 2171; x_wconf 73' lang='lat' dir='ltr'><strong>aemriis</strong></span> <span class='ocrx_word' id='word_1_145' title='bbox 1845 2112 2113 2173; x_wconf 85' lang='lat' dir='ltr'><strong>tribunis.</strong></span> <span class='ocrx_word' id='word_1_146' title='bbox 2199 2111 2288 2172; x_wconf 85' lang='lat' dir='ltr'><strong>Et</strong></span> <span class='ocrx_word' id='word_1_147' title='bbox 2321 2111 2468 2194; x_wconf 85' lang='lat' dir='ltr'><strong>quia</strong></span> <span class='ocrx_word' id='word_1_148' title='bbox 2499 2111 2786 2192; x_wconf 86' lang='lat' dir='ltr'><strong>seipsum,</strong></span> <span class='ocrx_word' id='word_1_149' title='bbox 2831 2129 3006 2191; x_wconf 87' lang='lat' dir='ltr'><strong>prop-</strong></span> 
     </span>
     <span class='ocr_line' id='line_1_36' title="bbox 1087 2205 3006 2288; baseline -0.001 -20"><span class='ocrx_word' id='word_1_150' title='bbox 1087 2215 1253 2268; x_wconf 85' lang='lat' dir='ltr'><strong>terea</strong></span> <span class='ocrx_word' id='word_1_151' title='bbox 1291 2205 1453 2288; x_wconf 89' lang='lat' dir='ltr'><strong>quod</strong></span> <span class='ocrx_word' id='word_1_152' title='bbox 1496 2205 1702 2268; x_wconf 88' lang='lat' dir='ltr'><strong>multis</strong></span> <span class='ocrx_word' id='word_1_153' title='bbox 1732 2209 2103 2270; x_wconf 79' lang='lat' dir='ltr'><strong>continenter</strong></span> <span class='ocrx_word' id='word_1_154' title='bbox 2137 2209 2308 2270; x_wconf 86' lang='lat' dir='ltr'><strong>annis</strong></span> <span class='ocrx_word' id='word_1_155' title='bbox 2335 2207 2604 2268; x_wconf 82' lang='lat' dir='ltr'><strong>Galliam</strong></span> <span class='ocrx_word' id='word_1_156' title='bbox 2631 2206 3006 2276; x_wconf 73' lang='lat' dir='ltr'><strong>obtinuisset,</strong></span> 
     </span>
     <span class='ocr_line' id='line_1_37' title="bbox 1088 2303 3008 2386; baseline -0.001 -23"><span class='ocrx_word' id='word_1_157' title='bbox 1088 2303 1317 2385; x_wconf 84' lang='lat' dir='ltr'><strong>imperii</strong></span> <span class='ocrx_word' id='word_1_158' title='bbox 1360 2303 1788 2366; x_wconf 88' lang='lat' dir='ltr'><strong>consuetudine</strong></span> <span class='ocrx_word' id='word_1_159' title='bbox 1829 2315 2072 2386; x_wconf 88' lang='lat' dir='ltr'><strong>captum</strong></span> <span class='ocrx_word' id='word_1_160' title='bbox 2119 2315 2312 2378; x_wconf 88' lang='lat' dir='ltr'><strong>norat,</strong></span> <span class='ocrx_word' id='word_1_161' title='bbox 2378 2305 2541 2376; x_wconf 87' lang='lat' dir='ltr'><strong>tulit,</strong></span> <span class='ocrx_word' id='word_1_162' title='bbox 2595 2325 2671 2364; x_wconf 90' lang='lat' dir='ltr'><strong>ne</strong></span> <span class='ocrx_word' id='word_1_163' title='bbox 2711 2305 3008 2384; x_wconf 71' lang='lat' dir='ltr'><strong>praetoriae</strong></span> 
     </span>
     <span class='ocr_line' id='line_1_38' title="bbox 1088 2387 3007 2485; baseline -0.001 -23"><span class='ocrx_word' id='word_1_164' title='bbox 1088 2402 1407 2483; x_wconf 78' lang='lat' dir='ltr'><strong>provinciae</strong></span> <span class='ocrx_word' id='word_1_165' title='bbox 1434 2401 1754 2483; x_wconf 74' lang='lat' dir='ltr'><strong>plusquam</strong></span> <span class='ocrx_word' id='word_1_166' title='bbox 1779 2423 2022 2474; x_wconf 68' lang='lat' dir='ltr'><strong>unum,</strong></span> <span class='ocrx_word' id='word_1_167' title='bbox 2063 2423 2138 2464; x_wconf 87' lang='lat' dir='ltr'><strong>ne</strong></span> <span class='ocrx_word' id='word_1_168' title='bbox 2179 2387 2496 2485; x_wconf 73' lang='lat' dir='ltr'><strong>plusquam</strong></span> <span class='ocrx_word' id='word_1_169' title='bbox 2532 2403 2842 2463; x_wconf 82' lang='lat' dir='ltr'><strong>biennium</strong></span> <span class='ocrx_word' id='word_1_170' title='bbox 2867 2421 3007 2461; x_wconf 83' lang='lat' dir='ltr'><strong>con-</strong></span> 
     </span>
     <span class='ocr_line' id='line_1_39' title="bbox 1088 2498 3006 2583; baseline -0.001 -25"><span class='ocrx_word' id='word_1_171' title='bbox 1088 2498 1311 2560; x_wconf 84' lang='lat' dir='ltr'><strong>sulares</strong></span> <span class='ocrx_word' id='word_1_172' title='bbox 1350 2501 1780 2562; x_wconf 87' lang='lat' dir='ltr'><strong>obtinerentur.</strong></span> <span class='ocrx_word' id='word_1_173' title='bbox 1865 2500 1974 2562; x_wconf 87' lang='lat' dir='ltr'><strong>Ad</strong></span> <span class='ocrx_word' id='word_1_174' title='bbox 2007 2500 2351 2583; x_wconf 87' lang='lat' dir='ltr'><strong>replendam</strong></span> <span class='ocrx_word' id='word_1_175' title='bbox 2377 2521 2550 2583; x_wconf 89' lang='lat' dir='ltr'><strong>porro</strong></span> <span class='ocrx_word' id='word_1_176' title='bbox 2579 2500 2844 2570; x_wconf 89' lang='lat' dir='ltr'><strong>Urbem,</strong></span> <span class='ocrx_word' id='word_1_177' title='bbox 2875 2517 3006 2578; x_wconf 75' lang='lat' dir='ltr'><strong>quae</strong></span> 
     </span>
     <span class='ocr_line' id='line_1_40' title="bbox 1088 2595 3010 2677; baseline -0.001 -21"><span class='ocrx_word' id='word_1_178' title='bbox 1088 2597 1486 2677; x_wconf 86' lang='lat' dir='ltr'><strong>superioribus</strong></span> <span class='ocrx_word' id='word_1_179' title='bbox 1503 2599 1683 2660; x_wconf 87' lang='lat' dir='ltr'><strong>bellis</strong></span> <span class='ocrx_word' id='word_1_180' title='bbox 1705 2599 2082 2661; x_wconf 82' lang='lat' dir='ltr'><strong>vehementer</strong></span> <span class='ocrx_word' id='word_1_181' title='bbox 2101 2601 2413 2660; x_wconf 71' lang='lat' dir='ltr'><strong>exinanite.</strong></span> <span class='ocrx_word' id='word_1_182' title='bbox 2437 2598 2654 2669; x_wconf 85' lang='lat' dir='ltr'><strong>fuerat,</strong></span> <span class='ocrx_word' id='word_1_183' title='bbox 2671 2607 2738 2657; x_wconf 88' lang='lat' dir='ltr'><strong>et</strong></span> <span class='ocrx_word' id='word_1_184' title='bbox 2760 2595 3010 2657; x_wconf 87' lang='lat' dir='ltr'><strong>coloniis</strong></span> 
     </span>
     <span class='ocr_line' id='line_1_41' title="bbox 1088 2691 3010 2776; baseline 0 -24"><span class='ocrx_word' id='word_1_185' title='bbox 1088 2695 1495 2754; x_wconf 71' lang='lat' dir='ltr'><strong>transmarinis</strong></span> <span class='ocrx_word' id='word_1_186' title='bbox 1542 2695 1937 2768; x_wconf 81' lang='lat' dir='ltr'><strong>deducendis,</strong></span> <span class='ocrx_word' id='word_1_187' title='bbox 1999 2717 2120 2776; x_wconf 90' lang='lat' dir='ltr'><strong>quo</strong></span> <span class='ocrx_word' id='word_1_188' title='bbox 2170 2697 2407 2757; x_wconf 80' lang='lat' dir='ltr'><strong>circiter</strong></span> <span class='ocrx_word' id='word_1_189' title='bbox 2455 2695 2764 2774; x_wconf 82' lang='lat' dir='ltr'><strong>octoginta</strong></span> <span class='ocrx_word' id='word_1_190' title='bbox 2815 2691 3010 2752; x_wconf 79' lang='lat' dir='ltr'><strong>millis</strong></span> 
     </span>
     <span class='ocr_line' id='line_1_42' title="bbox 1086 2789 3008 2875; baseline -0.001 -25"><span class='ocrx_word' id='word_1_191' title='bbox 1086 2791 1307 2850; x_wconf 81' lang='lat' dir='ltr'><strong>civium</strong></span> <span class='ocrx_word' id='word_1_192' title='bbox 1351 2789 1811 2862; x_wconf 84' lang='lat' dir='ltr'><strong>detinebantur;</strong></span> <span class='ocrx_word' id='word_1_193' title='bbox 1855 2793 2078 2872; x_wconf 80' lang='lat' dir='ltr'><strong>sanxit,</strong></span> <span class='ocrx_word' id='word_1_194' title='bbox 2125 2813 2200 2854; x_wconf 88' lang='lat' dir='ltr'><strong>ne</strong></span> <span class='ocrx_word' id='word_1_195' title='bbox 2237 2794 2372 2875; x_wconf 89' lang='lat' dir='ltr'><strong>quis</strong></span> <span class='ocrx_word' id='word_1_196' title='bbox 2403 2792 2557 2854; x_wconf 77' lang='lat' dir='ltr'><strong>civis</strong></span> <span class='ocrx_word' id='word_1_197' title='bbox 2593 2793 2794 2869; x_wconf 88' lang='lat' dir='ltr'><strong>major</strong></span> <span class='ocrx_word' id='word_1_198' title='bbox 2841 2809 3008 2850; x_wconf 64' lang='lat' dir='ltr'><strong>ann-</strong></span> 
     </span>
     <span class='ocr_line' id='line_1_43' title="bbox 1082 2886 3008 2972; baseline 0 -27"><span class='ocrx_word' id='word_1_199' title='bbox 1082 2886 1315 2972; x_wconf 79' lang='lat' dir='ltr'><strong>viginti‚</strong></span> <span class='ocrx_word' id='word_1_200' title='bbox 1344 2888 1603 2950; x_wconf 83' lang='lat' dir='ltr'><strong>minorve</strong></span> <span class='ocrx_word' id='word_1_201' title='bbox 1642 2889 2064 2970; x_wconf 76' lang='lat' dir='ltr'><strong>quadraginta,</strong></span> <span class='ocrx_word' id='word_1_202' title='bbox 2099 2889 2204 2970; x_wconf 89' lang='lat' dir='ltr'><strong>qui</strong></span> <span class='ocrx_word' id='word_1_203' title='bbox 2231 2898 2607 2950; x_wconf 84' lang='lat' dir='ltr'><strong>sacramento</strong></span> <span class='ocrx_word' id='word_1_204' title='bbox 2633 2909 2752 2947; x_wconf 88' lang='lat' dir='ltr'><strong>non</strong></span> <span class='ocrx_word' id='word_1_205' title='bbox 2779 2897 3008 2947; x_wconf 88' lang='lat' dir='ltr'><strong>tenere-</strong></span> 
     </span>
     <span class='ocr_line' id='line_1_44' title="bbox 1084 2984 3008 3065; baseline 0 -22"><span class='ocrx_word' id='word_1_206' title='bbox 1084 2991 1202 3054; x_wconf 87' lang='lat' dir='ltr'><strong>tur,</strong></span> <span class='ocrx_word' id='word_1_207' title='bbox 1233 2984 1367 3065; x_wconf 89' lang='lat' dir='ltr'><strong>plus</strong></span> <span class='ocrx_word' id='word_1_208' title='bbox 1384 2985 1639 3047; x_wconf 88' lang='lat' dir='ltr'><strong>triennio</strong></span> <span class='ocrx_word' id='word_1_209' title='bbox 1665 2987 1948 3048; x_wconf 88' lang='lat' dir='ltr'><strong>continuo</strong></span> <span class='ocrx_word' id='word_1_210' title='bbox 1975 2985 2162 3048; x_wconf 69' lang='lat' dir='ltr'><strong>Italia</strong></span> <span class='ocrx_word' id='word_1_211' title='bbox 2187 2987 2458 3048; x_wconf 69' lang='lat' dir='ltr'><strong>abesset:</strong></span> <span class='ocrx_word' id='word_1_212' title='bbox 2501 3006 2626 3046; x_wconf 85' lang='lat' dir='ltr'><strong>neu</strong></span> <span class='ocrx_word' id='word_1_213' title='bbox 2659 2986 2800 3065; x_wconf 89' lang='lat' dir='ltr'><strong>quis</strong></span> <span class='ocrx_word' id='word_1_214' title='bbox 2839 3003 3008 3044; x_wconf 86' lang='lat' dir='ltr'><strong>sena-</strong></span> 
     </span>
     <span class='ocr_line' id='line_1_45' title="bbox 1086 3057 3008 3162; baseline 0.002 -23"><span class='ocrx_word' id='word_1_215' title='bbox 1086 3081 1231 3140; x_wconf 86' lang='lat' dir='ltr'><strong>toris</strong></span> <span class='ocrx_word' id='word_1_216' title='bbox 1278 3057 1470 3154; x_wconf 63' lang='lat' dir='ltr'><strong>iilius,</strong></span> <span class='ocrx_word' id='word_1_217' title='bbox 1524 3083 1633 3143; x_wconf 86' lang='lat' dir='ltr'><strong>nisi</strong></span> <span class='ocrx_word' id='word_1_218' title='bbox 1679 3083 2144 3155; x_wconf 80' lang='lat' dir='ltr'><strong>contubernalis,</strong></span> <span class='ocrx_word' id='word_1_219' title='bbox 2196 3093 2302 3143; x_wconf 78' lang='lat' dir='ltr'><strong>eut</strong></span> <span class='ocrx_word' id='word_1_220' title='bbox 2351 3103 2552 3144; x_wconf 86' lang='lat' dir='ltr'><strong>comes</strong></span> <span class='ocrx_word' id='word_1_221' title='bbox 2601 3083 3008 3162; x_wconf 80' lang='lat' dir='ltr'><strong>magistratus,</strong></span> 
     </span>
     <span class='ocr_line' id='line_1_46' title="bbox 1086 3179 3008 3262; baseline 0.001 -25"><span class='ocrx_word' id='word_1_222' title='bbox 1086 3199 1329 3260; x_wconf 81' lang='lat' dir='ltr'><strong>peregre</strong></span> <span class='ocrx_word' id='word_1_223' title='bbox 1376 3179 1887 3260; x_wconf 81' lang='lat' dir='ltr'><strong>proficisceretur:</strong></span> <span class='ocrx_word' id='word_1_224' title='bbox 1933 3201 2080 3243; x_wconf 80' lang='lat' dir='ltr'><strong>neve</strong></span> <span class='ocrx_word' id='word_1_225' title='bbox 2123 3182 2186 3242; x_wconf 85' lang='lat' dir='ltr'><strong>hi</strong></span> <span class='ocrx_word' id='word_1_226' title='bbox 2223 3182 2324 3262; x_wconf 90' lang='lat' dir='ltr'><strong>qui</strong></span> <span class='ocrx_word' id='word_1_227' title='bbox 2351 3179 2694 3262; x_wconf 84' lang='lat' dir='ltr'><strong>pecuariam</strong></span> <span class='ocrx_word' id='word_1_228' title='bbox 2722 3179 3008 3250; x_wconf 75' lang='lat' dir='ltr'><strong>facerent,</strong></span> 
     </span>
     <span class='ocr_line' id='line_1_47' title="bbox 1088 3277 3010 3361; baseline 0.001 -26"><span class='ocrx_word' id='word_1_229' title='bbox 1088 3277 1281 3336; x_wconf 84' lang='lat' dir='ltr'><strong>minus</strong></span> <span class='ocrx_word' id='word_1_230' title='bbox 1326 3279 1502 3338; x_wconf 82' lang='lat' dir='ltr'><strong>tertie</strong></span> <span class='ocrx_word' id='word_1_231' title='bbox 1552 3290 1722 3360; x_wconf 82' lang='lat' dir='ltr'><strong>perte</strong></span> <span class='ocrx_word' id='word_1_232' title='bbox 1770 3279 2058 3361; x_wconf 84' lang='lat' dir='ltr'><strong>puberum</strong></span> <span class='ocrx_word' id='word_1_233' title='bbox 2109 3281 2496 3359; x_wconf 82' lang='lat' dir='ltr'><strong>ingenuorum</strong></span> <span class='ocrx_word' id='word_1_234' title='bbox 2545 3279 2698 3338; x_wconf 89' lang='lat' dir='ltr'><strong>inter</strong></span> <span class='ocrx_word' id='word_1_235' title='bbox 2745 3286 3010 3358; x_wconf 75' lang='lat' dir='ltr'><strong>pastores</strong></span> 
     </span>
     <span class='ocr_line' id='line_1_48' title="bbox 1086 3372 1545 3435; baseline 0.011 -3"><span class='ocrx_word' id='word_1_236' title='bbox 1086 3372 1391 3435; x_wconf 81' lang='lat' dir='ltr'><strong>haberent.</strong></span> <span class='ocrx_word' id='word_1_237' title='bbox 1522 3411 1545 3426; x_wconf 84' lang='lat'><strong>.</strong></span> 
     </span>
    </p>

    <p class='ocr_par' dir='ltr' id='par_1_19' title="bbox 1085 3470 3014 4529">
     <span class='ocr_line' id='line_1_49' title="bbox 1168 3470 3009 3556; baseline 0 -24"><span class='ocrx_word' id='word_1_238' title='bbox 1168 3477 1271 3532; x_wconf 81' lang='lat'><strong>28.</strong></span> <span class='ocrx_word' id='word_1_239' title='bbox 1317 3473 1646 3555; x_wconf 86' lang='lat' dir='ltr'><strong>Proposuit</strong></span> <span class='ocrx_word' id='word_1_240' title='bbox 1697 3485 1762 3536; x_wconf 90' lang='lat' dir='ltr'><strong>et</strong></span> <span class='ocrx_word' id='word_1_241' title='bbox 1807 3477 1881 3536; x_wconf 91' lang='lat' dir='ltr'><strong>iis</strong></span> <span class='ocrx_word' id='word_1_242' title='bbox 1921 3475 2026 3556; x_wconf 90' lang='lat' dir='ltr'><strong>qui</strong></span> <span class='ocrx_word' id='word_1_243' title='bbox 2071 3473 2300 3536; x_wconf 88' lang='lat' dir='ltr'><strong>multos</strong></span> <span class='ocrx_word' id='word_1_244' title='bbox 2351 3474 2722 3554; x_wconf 79' lang='lat' dir='ltr'><strong>susciperent</strong></span> <span class='ocrx_word' id='word_1_245' title='bbox 2773 3470 3009 3542; x_wconf 81' lang='lat' dir='ltr'><strong>libems,</strong></span> 
     </span>
     <span class='ocr_line' id='line_1_50' title="bbox 1090 3569 3010 3652; baseline -0.001 -24"><span class='ocrx_word' id='word_1_246' title='bbox 1090 3570 1371 3648; x_wconf 72' lang='lat' dir='ltr'><strong>praemia:</strong></span> <span class='ocrx_word' id='word_1_247' title='bbox 1415 3579 1479 3631; x_wconf 87' lang='lat' dir='ltr'><strong>et</strong></span> <span class='ocrx_word' id='word_1_248' title='bbox 1498 3591 1704 3632; x_wconf 87' lang='lat' dir='ltr'><strong>omnes</strong></span> <span class='ocrx_word' id='word_1_249' title='bbox 1727 3572 2088 3634; x_wconf 85' lang='lat' dir='ltr'><strong>medicinam</strong></span> <span class='ocrx_word' id='word_1_250' title='bbox 2109 3570 2330 3634; x_wconf 76' lang='lat' dir='ltr'><strong>Romae</strong></span> <span class='ocrx_word' id='word_1_251' title='bbox 2357 3569 2675 3652; x_wconf 85' lang='lat' dir='ltr'><strong>professos,</strong></span> <span class='ocrx_word' id='word_1_252' title='bbox 2701 3577 2770 3629; x_wconf 88' lang='lat' dir='ltr'><strong>et</strong></span> <span class='ocrx_word' id='word_1_253' title='bbox 2796 3569 3010 3628; x_wconf 78' lang='lat' dir='ltr'><strong>libern-</strong></span> 
     </span>
     <span class='ocr_line' id='line_1_51' title="bbox 1087 3664 3012 3750; baseline 0.001 -26"><span class='ocrx_word' id='word_1_254' title='bbox 1087 3665 1235 3725; x_wconf 90' lang='lat' dir='ltr'><strong>lium</strong></span> <span class='ocrx_word' id='word_1_255' title='bbox 1262 3667 1479 3728; x_wconf 81' lang='lat' dir='ltr'><strong>artium</strong></span> <span class='ocrx_word' id='word_1_256' title='bbox 1504 3667 1802 3740; x_wconf 87' lang='lat' dir='ltr'><strong>doctores,</strong></span> <span class='ocrx_word' id='word_1_257' title='bbox 1830 3691 1953 3750; x_wconf 91' lang='lat' dir='ltr'><strong>quo</strong></span> <span class='ocrx_word' id='word_1_258' title='bbox 1981 3669 2262 3731; x_wconf 89' lang='lat' dir='ltr'><strong>libentius</strong></span> <span class='ocrx_word' id='word_1_259' title='bbox 2279 3678 2343 3729; x_wconf 88' lang='lat' dir='ltr'><strong>et</strong></span> <span class='ocrx_word' id='word_1_260' title='bbox 2371 3669 2488 3750; x_wconf 87' lang='lat' dir='ltr'><strong>ipsi</strong></span> <span class='ocrx_word' id='word_1_261' title='bbox 2525 3668 2762 3728; x_wconf 81' lang='lat' dir='ltr'><strong>Urbem</strong></span> <span class='ocrx_word' id='word_1_262' title='bbox 2791 3664 3012 3726; x_wconf 81' lang='lat' dir='ltr'><strong>incole-</strong></span> 
     </span>
     <span class='ocr_line' id='line_1_52' title="bbox 1088 3765 3010 3848; baseline 0.001 -26"><span class='ocrx_word' id='word_1_263' title='bbox 1088 3772 1241 3835; x_wconf 84' lang='lat' dir='ltr'><strong>rent,</strong></span> <span class='ocrx_word' id='word_1_264' title='bbox 1269 3774 1331 3825; x_wconf 88' lang='lat' dir='ltr'><strong>et</strong></span> <span class='ocrx_word' id='word_1_265' title='bbox 1356 3765 1461 3826; x_wconf 78' lang='lat' dir='ltr'><strong>elii</strong></span> <span class='ocrx_word' id='word_1_266' title='bbox 1488 3776 1860 3848; x_wconf 76' lang='lat' dir='ltr'><strong>appeterent,</strong></span> <span class='ocrx_word' id='word_1_267' title='bbox 1885 3769 2133 3829; x_wconf 83' lang='lat' dir='ltr'><strong>civitate</strong></span> <span class='ocrx_word' id='word_1_268' title='bbox 2160 3767 2432 3832; x_wconf 63' lang='lat' dir='ltr'><strong>donavit.</strong></span> <span class='ocrx_word' id='word_1_269' title='bbox 2497 3765 2746 3827; x_wconf 88' lang='lat' dir='ltr'><strong>Sumtus</strong></span> <span class='ocrx_word' id='word_1_270' title='bbox 2771 3783 3010 3846; x_wconf 88' lang='lat' dir='ltr'><strong>quoque</strong></span> 
     </span>
     <span class='ocr_line' id='line_1_53' title="bbox 1089 3861 3010 3944; baseline -0.001 -23"><span class='ocrx_word' id='word_1_271' title='bbox 1089 3861 1321 3932; x_wconf 85' lang='lat' dir='ltr'><strong>recidit,</strong></span> <span class='ocrx_word' id='word_1_272' title='bbox 1348 3883 1463 3923; x_wconf 89' lang='lat' dir='ltr'><strong>non</strong></span> <span class='ocrx_word' id='word_1_273' title='bbox 1491 3862 1618 3924; x_wconf 75' lang='lat' dir='ltr'><strong>lata</strong></span> <span class='ocrx_word' id='word_1_274' title='bbox 1642 3863 1824 3925; x_wconf 88' lang='lat' dir='ltr'><strong>modo</strong></span> <span class='ocrx_word' id='word_1_275' title='bbox 1847 3863 2188 3944; x_wconf 75' lang='lat' dir='ltr'><strong>diligenter,</strong></span> <span class='ocrx_word' id='word_1_276' title='bbox 2221 3863 2328 3924; x_wconf 85' lang='lat' dir='ltr'><strong>sed</strong></span> <span class='ocrx_word' id='word_1_277' title='bbox 2347 3865 2528 3924; x_wconf 87' lang='lat' dir='ltr'><strong>etiam</strong></span> <span class='ocrx_word' id='word_1_278' title='bbox 2559 3863 2834 3922; x_wconf 82' lang='lat' dir='ltr'><strong>exercita</strong></span> <span class='ocrx_word' id='word_1_279' title='bbox 2858 3861 3010 3938; x_wconf 75' lang='lat' dir='ltr'><strong>lege.</strong></span> 
     </span>
     <span class='ocr_line' id='line_1_54' title="bbox 1090 3956 3012 4041; baseline -0.001 -25"><span class='ocrx_word' id='word_1_280' title='bbox 1090 3956 1283 4017; x_wconf 83' lang='lat' dir='ltr'><strong>Usum</strong></span> <span class='ocrx_word' id='word_1_281' title='bbox 1328 3959 1727 4041; x_wconf 71' lang='lat' dir='ltr'><strong>conchyliatae.</strong></span> <span class='ocrx_word' id='word_1_282' title='bbox 1776 3961 1980 4032; x_wconf 77' lang='lat' dir='ltr'><strong>vestis,</strong></span> <span class='ocrx_word' id='word_1_283' title='bbox 2035 3971 2101 4022; x_wconf 85' lang='lat' dir='ltr'><strong>et</strong></span> <span class='ocrx_word' id='word_1_284' title='bbox 2143 3959 2618 4040; x_wconf 72' lang='lat' dir='ltr'><strong>margaritarum,</strong></span> <span class='ocrx_word' id='word_1_285' title='bbox 2669 3959 2786 4018; x_wconf 87' lang='lat' dir='ltr'><strong>nisi</strong></span> <span class='ocrx_word' id='word_1_286' title='bbox 2837 3956 3012 4016; x_wconf 86' lang='lat' dir='ltr'><strong>certis</strong></span> 
     </span>
     <span class='ocr_line' id='line_1_55' title="bbox 1086 4039 3014 4142; baseline -0.003 -27"><span class='ocrx_word' id='word_1_287' title='bbox 1086 4057 1351 4136; x_wconf 88' lang='lat' dir='ltr'><strong>personis</strong></span> <span class='ocrx_word' id='word_1_288' title='bbox 1376 4067 1439 4116; x_wconf 91' lang='lat' dir='ltr'><strong>et</strong></span> <span class='ocrx_word' id='word_1_289' title='bbox 1466 4059 1764 4130; x_wconf 77' lang='lat' dir='ltr'><strong>aetetibus,</strong></span> <span class='ocrx_word' id='word_1_290' title='bbox 1795 4079 2018 4142; x_wconf 88' lang='lat' dir='ltr'><strong>perque</strong></span> <span class='ocrx_word' id='word_1_291' title='bbox 2041 4067 2238 4120; x_wconf 87' lang='lat' dir='ltr'><strong>certos</strong></span> <span class='ocrx_word' id='word_1_292' title='bbox 2259 4056 2410 4130; x_wconf 88' lang='lat' dir='ltr'><strong>dies,</strong></span> <span class='ocrx_word' id='word_1_293' title='bbox 2438 4039 2684 4116; x_wconf 75' lang='lat' dir='ltr'><strong>ademit.</strong></span> <span class='ocrx_word' id='word_1_294' title='bbox 2757 4053 3014 4114; x_wconf 79' lang='lat' dir='ltr'><strong>Lecticis</strong></span> 
     </span>
     <span class='ocr_line' id='line_1_56' title="bbox 1085 4150 3012 4237; baseline -0.002 -26"><span class='ocrx_word' id='word_1_295' title='bbox 1085 4153 1269 4212; x_wconf 89' lang='lat' dir='ltr'><strong>etiam</strong></span> <span class='ocrx_word' id='word_1_296' title='bbox 1308 4153 1396 4213; x_wconf 88' lang='lat' dir='ltr'><strong>uti</strong></span> <span class='ocrx_word' id='word_1_297' title='bbox 1429 4164 1731 4216; x_wconf 79' lang='lat' dir='ltr'><strong>matronas</strong></span> <span class='ocrx_word' id='word_1_298' title='bbox 1769 4156 2096 4237; x_wconf 87' lang='lat' dir='ltr'><strong>prohibuit,</strong></span> <span class='ocrx_word' id='word_1_299' title='bbox 2135 4174 2274 4236; x_wconf 73' lang='lat' dir='ltr'><strong>quse</strong></span> <span class='ocrx_word' id='word_1_300' title='bbox 2315 4175 2424 4215; x_wconf 88' lang='lat' dir='ltr'><strong>nec</strong></span> <span class='ocrx_word' id='word_1_301' title='bbox 2461 4155 2620 4214; x_wconf 82' lang='lat' dir='ltr'><strong>viros</strong></span> <span class='ocrx_word' id='word_1_302' title='bbox 2653 4171 2768 4212; x_wconf 86' lang='lat' dir='ltr'><strong>nec</strong></span> <span class='ocrx_word' id='word_1_303' title='bbox 2796 4150 3012 4209; x_wconf 88' lang='lat' dir='ltr'><strong>liberos</strong></span> 
     </span>
     <span class='ocr_line' id='line_1_57' title="bbox 1088 4247 3006 4331; baseline -0.002 -23"><span class='ocrx_word' id='word_1_304' title='bbox 1088 4249 1399 4320; x_wconf 85' lang='lat' dir='ltr'><strong>haberent,</strong></span> <span class='ocrx_word' id='word_1_305' title='bbox 1442 4259 1503 4311; x_wconf 88' lang='lat' dir='ltr'><strong>et</strong></span> <span class='ocrx_word' id='word_1_306' title='bbox 1542 4253 1796 4312; x_wconf 86' lang='lat' dir='ltr'><strong>minores</strong></span> <span class='ocrx_word' id='word_1_307' title='bbox 1825 4261 2022 4312; x_wconf 82' lang='lat' dir='ltr'><strong>essent</strong></span> <span class='ocrx_word' id='word_1_308' title='bbox 2061 4252 2232 4312; x_wconf 88' lang='lat' dir='ltr'><strong>annis</strong></span> <span class='ocrx_word' id='word_1_309' title='bbox 2260 4250 2697 4331; x_wconf 72' lang='lat' dir='ltr'><strong>quinquaginta</strong></span> <span class='ocrx_word' id='word_1_310' title='bbox 2721 4247 3006 4327; x_wconf 85' lang='lat' dir='ltr'><strong>quinque.</strong></span> 
     </span>
     <span class='ocr_line' id='line_1_58' title="bbox 1088 4347 3010 4430; baseline -0.002 -25"><span class='ocrx_word' id='word_1_311' title='bbox 1088 4347 1271 4408; x_wconf 84' lang='lat' dir='ltr'><strong>Circa</strong></span> <span class='ocrx_word' id='word_1_312' title='bbox 1290 4348 1613 4410; x_wconf 65' lang='lat' dir='ltr'><strong>macellum</strong></span> <span class='ocrx_word' id='word_1_313' title='bbox 1634 4349 1912 4411; x_wconf 85' lang='lat' dir='ltr'><strong>custodes</strong></span> <span class='ocrx_word' id='word_1_314' title='bbox 1935 4348 2247 4430; x_wconf 86' lang='lat' dir='ltr'><strong>disposuit,</strong></span> <span class='ocrx_word' id='word_1_315' title='bbox 2275 4347 2380 4427; x_wconf 91' lang='lat' dir='ltr'><strong>qui</strong></span> <span class='ocrx_word' id='word_1_316' title='bbox 2405 4347 2655 4428; x_wconf 85' lang='lat' dir='ltr'><strong>opsonia</strong></span> <span class='ocrx_word' id='word_1_317' title='bbox 2677 4352 2886 4406; x_wconf 78' lang='lat' dir='ltr'><strong>contre</strong></span> <span class='ocrx_word' id='word_1_318' title='bbox 2903 4361 3010 4402; x_wconf 80' lang='lat' dir='ltr'><strong>ve-</strong></span> 
     </span>
     <span class='ocr_line' id='line_1_59' title="bbox 1088 4439 3006 4529; baseline -0.003 -25"><span class='ocrx_word' id='word_1_319' title='bbox 1088 4447 1263 4506; x_wconf 88' lang='lat' dir='ltr'><strong>titum</strong></span> <span class='ocrx_word' id='word_1_320' title='bbox 1303 4453 1467 4506; x_wconf 74' lang='lat' dir='ltr'><strong>emta</strong></span> <span class='ocrx_word' id='word_1_321' title='bbox 1506 4446 1853 4524; x_wconf 86' lang='lat' dir='ltr'><strong>retinerent,</strong></span> <span class='ocrx_word' id='word_1_322' title='bbox 1890 4446 2392 4529; x_wconf 87' lang='lat' dir='ltr'><strong>deportarentque</strong></span> <span class='ocrx_word' id='word_1_323' title='bbox 2431 4444 2510 4506; x_wconf 83' lang='lat' dir='ltr'><strong>ad</strong></span> <span class='ocrx_word' id='word_1_324' title='bbox 2541 4465 2647 4504; x_wconf 87' lang='lat' dir='ltr'><strong>se:</strong></span> <span class='ocrx_word' id='word_1_325' title='bbox 2689 4439 3006 4502; x_wconf 84' lang='lat' dir='ltr'><strong>summissis</strong></span> 
     </span>
    </p>
   </div>
  </div>
 </body>
</html>
