3300 5234
760 744 869 795 eie.
896 742 1029 793 Phil.

728 826 768 859 ι.
796 814 846 860 2.
881 818 932 859 et
966 808 1029 859 ad

754 874 861 923 Att-
897 889 1011 924 xxv.

730 942 813 988 14.

726 1002 860 1051 ven.
875 1005 1031 1053 11000.

728 1066 943 1131 Appian.

726 1468 845 1521 Dio.

760 1534 871 1584 cic.
894 1533 1029 1585 Phil.

729 1616 817 1651 ιιι.
836 1603 915 1651 1⁰.

725 1710 844 1761 Dio.

726 2575 939 2641 Appian-

1697 586 1768 635 Τ.
1817 584 2000 637 mvn

1054 728 1197 791 liam
1220 728 1519 791 exercitus
1542 748 1832 810 quaerens,
1857 747 1994 791 cum
2031 727 2120 789 A.
2159 726 2246 789 D.
2291 725 2596 789 Kalendas
2623 726 2840 789 Junias
2863 748 2957 791 se-

1054 836 1229 889 natus
1252 826 1588 897 haberetur,
1610 824 1930 907 permutari
1956 825 2290 905 provincias
2311 826 2506 907 petiit,
2535 835 2554 861 ⁸
2573 834 2642 885 ut
2663 826 2777 885 sibi
2797 824 2958 886 Gal-

1054 923 1159 994 lia,
1204 922 1289 985 D.
1336 920 1530 983 Bruto
1566 920 1934 983 Macedonia
1965 920 2418 1001 decerneretur?
2496 920 2593 982 At
2615 942 2758 982 vero
2782 942 2958 983 sena-

1054 1029 1168 1090 tus,
1218 1008 1521 1079 intellecto
1558 1017 1817 1079 consulis
1868 1016 2256 1090 vaframento,
2309 1015 2510 1078 induci
2548 1038 2668 1078 non
2713 1022 2910 1100 potuit
2937 1040 2956 1079 ε

1052 1115 1297 1197 quidam
1322 1116 1501 1177 etiam
1524 1133 1604 1175 ex
1630 1136 1706 1175 eo
1741 1114 1946 1177 ordine
1986 1114 2260 1197 privatim
2295 1098 2652 1195 scripserunt
2675 1114 2756 1175 ad
2797 1116 2957 1176 Bru·

1051 1222 1201 1283 tum,
1228 1209 1549 1273 'hortantes
1596 1232 1672 1272 ne
1717 1211 1991 1273 Antonio
2032 1212 2288 1273 cederet.
2389 1211 2584 1291 Igitur
2627 1211 2957 1283 Antonius,

1052 1307 1309 1371 casaris
1352 1309 1654 1391 exemplo,
1705 1309 1974 1389 confugit
2017 1308 2097 1370 ad
2153 1308 2459 1391 populum,
2506 1310 2753 1389 ejusque
2803 1311 2956 1370 scito

1050 1408 1415 1487 provinciam
1444 1406 1716 1467 Galliam
1757 1408 2038 1479 obtinuit,
2071 1406 2394 1468 Octaviani
2422 1408 2720 1487 proecipue
2760 1408 2954 1485 gratia

1052 1504 1313 1584 adjutus,
1354 1523 1491 1565 cum
1532 1504 1864 1584 legionibus
1900 1524 2036 1585 quae
2075 1513 2246 1565 erant
2274 1500 2666 1585 Apolloniam
2693 1504 2956 1585 praemis·

1052 1620 1170 1671 εει
1204 1610 1269 1661 et
1296 1599 1475 1662 frater
1500 1600 1760 1661 Antonii
1787 1600 1972 1661 Caius
1999 1600 2442 1661 Macedoniam.

1132 1704 1235 1758 26.
1279 1697 1462 1758 Unde
1494 1696 1836 1758 adolescens
1878 1698 1982 1758 ille
2019 1697 2236 1759 clarior
2269 1698 2330 1756 in
2375 1696 2526 1767 dies,
2567 1695 2850 1777 plebique
2895 1706 2960 1757 et

1051 1794 1339 1855 militibus
1383 1796 1623 1874 gratior,
1679 1814 1897 1874 magua
1949 1796 2156 1856 horum
2213 1794 2546 1873 frequentia
2599 1794 2957 1874 stipabatur,

1050 1892 1235 1951 etiam
1258 1892 1513 1972 pecunia
1547 1890 1812 1952 favorem
1835 1889 2187 1951 concilians.
2272 1890 2416 1951 Nec
2438 1889 2826 1950 dubitabatur
2851 1912 2956 1951 no-

1050 2006 1259 2047 varum
1284 2008 1477 2048 rerum
1504 1989 1637 2047 haec
1663 2008 1788 2048 esse
1812 1986 2148 2069 primordia,
2175 2007 2284 2049 nec
2308 1986 2466 2047 ultra
2483 1986 2705 2047 differri
2725 1990 2953 2059 turbas,

1052 2086 1375 2165 praesertim
1400 2086 1543 2166 quia
1570 2084 1666 2145 Μ.
1708 2084 2016 2146 Antonius
2049 2084 2408 2145 incrementa
2441 2084 2618 2164 hujus
2651 2086 2956 2163 aegerrime

1050 2179 1263 2251 ferens,
1292 2180 1367 2241 ad
1394 2202 1457 2241 se
1483 2182 1808 2253 volentem,
1833 2181 2116 2261 colloquii
2141 2202 2344 2253 causa,
2373 2182 2435 2240 in
2469 2181 2730 2241 tribunal
2750 2202 2954 2241 ascen·

1050 2276 1213 2349 dere,
1236 2278 1734 2357 quemadmodum
1761 2278 1980 2349 facere,
2009 2278 2248 2339 Caesare
2283 2298 2474 2339 rerum
2503 2278 2791 2359 potiente,
2828 2288 2956 2338 erat

1048 2373 1281 2447 solitus,
1304 2375 1605 2457 repulerat
1644 2396 1750 2457 per
1785 2375 2044 2447 lictores,
2085 2375 2434 2455 detrahique
2457 2393 2535 2435 ex
2570 2374 2706 2435 loco
2729 2378 2954 2455 superi·

1050 2490 1151 2531 ore
1167 2473 1448 2551 jusserat.
1534 2472 1708 2533 Hinc
1739 2472 2036 2533 immensa
2061 2469 2456 2532 multitudinis
2479 2472 2600 2531 iroe.
2685 2470 2830 2531 Nec
2853 2469 2957 2531 de-

1048 2577 1179 2629 erat
1223 2568 1593 2628 Octavianus
1638 2568 1962 2629 accendere
2007 2568 2170 2639 odia,
2211 2567 2404 2627 forum
2445 2568 2662 2637 vitam,
2703 2558 2810 2627 sed
2853 2588 2956 2649 per

1050 2671 1275 2725 ceteras
1308 2663 1661 2725 celebriores
1698 2674 1896 2744 partes
1939 2664 2125 2724 Urbis
2155 2664 2214 2724 in
2243 2664 2484 2725 excelsa
2509 2664 2646 2725 loca
2669 2663 2954 2737 insiliens,

1050 2758 1109 2817 in
1140 2779 1361 2821 morem
1384 2761 1789 2821 concionantis
1815 2760 2150 2821 Antonium
2175 2761 2515 2823 accusabat.

1130 2864 1231 2921 27.
1274 2857 1533 2939 Jamque
1561 2858 1664 2917 ille
1685 2870 1748 2917 et
1772 2878 1811 2917 a
1835 2858 2084 2917 tribunis
2107 2858 2658 2938 centurionibusque
2685 2860 2808 2919 suis
2829 2878 2955 2920 mo·

1048 2954 1319 3025 uebatur,
1364 2964 1381 2991 ⁶
1404 2953 1585 3015 finem
1610 2955 1960 3033 injuriarum
1985 2954 2230 3026 faceret,
2261 2953 2503 3033 filioque
2533 2952 2812 3027 Caesaris,
2849 2978 2952 3017 cu-

1036 3052 1145 3129 jus
1166 3048 1468 3111 beneflciis
1504 3072 1611 3111 sua
1634 3051 1919 3111 deberent
1946 3052 2170 3123 omnia,
2205 3052 2304 3113 vel
2333 3072 2444 3111 sua
2467 3072 2648 3113 causa
2671 3053 2953 3115 concilia-

1046 3149 1250 3209 retur.'
1334 3147 1419 3208 Et
1440 3168 1577 3208 cum
1606 3148 1710 3208 ille
1735 3149 2044 3209 commode
2069 3148 2482 3230 respondisset,
2511 3149 2720 3209 iisdem
2745 3161 2952 3211 aucto-

1049 3246 1211 3305 ribus
1243 3245 1561 3324 congressi,
1586 3254 1724 3327 post
1747 3256 1980 3306 mutuas
2005 3245 2276 3327 querelas
2299 3247 2386 3306 ita
2409 3246 2710 3307 redierunt
2733 3248 2793 3307 in
2821 3268 2954 3328 gra-

1047 3342 1217 3413 tiam,
1246 3352 1311 3402 ut
1349 3344 1565 3423 saepius
1598 3342 1962 3403 redeundum
2006 3353 2178 3405 efflet.
2261 3342 2432 3405 Nam
2467 3354 2716 3425 uterque
2743 3346 2957 3405 mentis

1049 3440 1291 3501 alterius
1316 3460 1433 3500 non
1461 3440 1710 3511 nescius,
1745 3441 2027 3520 arguendi
2051 3449 2285 3523 tempus
2307 3440 2568 3503 nondum
2593 3442 2821 3502 veniaee
2843 3462 2954 3523 pu-
3055 3512 3072 3521 ,

1048 3538 1219 3597 tabat
1238 3558 1256 3607 3
1286 3545 1348 3597 et
1372 3538 1621 3609 animos,
1644 3540 1794 3599 satis
1807 3540 1938 3617 jam
1961 3558 2072 3599 sua
2105 3536 2413 3599 iracundia
2437 3548 2499 3598 et
2521 3540 2956 3620 suspicionibus

1048 3636 1457 3705 exacerbatos,
1496 3636 1674 3695 amici
1713 3654 1828 3695 non
1867 3636 2140 3695 sine'bant
2159 3636 2614 3715 conquiescere:
2649 3655 2952 3716 nunquam

1046 3730 1361 3801 defuturis,
1388 3732 1493 3812 qui
1525 3732 1924 3812 potentiorum
1951 3734 2104 3793 inter
2127 3752 2192 3792 se
2227 3732 2564 3802 inimicitias
2587 3751 2754 3792 suam
2777 3754 2952 3794 occa-

1046 3828 1269 3888 sionem
1300 3838 1543 3909 putent;
1588 3838 1649 3889 et
1683 3831 1744 3889 in
1771 3850 1922 3911 pace
1947 3829 2308 3909 negligendi,
2334 3830 2561 3890 turbari
2587 3828 2800 3889 malint
2825 3850 2952 3891 om·

1046 3926 1169 3996 nia,
1208 3926 1351 3985 dum
1378 3926 1585 4008 aliquo
1609 3928 1670 3987 in
1707 3946 1950 3989 numero
1983 3938 2222 4009 propter
2261 3936 2608 4009 praesentem
2635 3928 2976 3989 necessita·.

1046 4030 1167 4080 tem
1192 4021 1541 4084 habeantur.

1126 4124 1228 4178 28.
1274 4118 1467 4198 Igitur
1506 4140 1623 4181 nou
1670 4120 1842 4181 multi
1877 4122 2326 4183 intercesserunt
2371 4116 2524 4193 dies,
2571 4140 2708 4182 cum
2741 4122 2950 4183 iterum

1047 4215 1391 4296 impugnare
1428 4218 1728 4278 Caesarem
1766 4218 2069 4280 Antonius
2106 4220 2308 4302 coepit,
2345 4238 2685 4301 quanquam
2729 4220 2954 4280 recenti

1046 4312 1339 4374 beneficio
1392 4314 1619 4376 Gallim
1667 4317 1984 4397 provinciae
2037 4317 2352 4396 obligatus.
2453 4316 2632 4377 Forte
2683 4318 2954 4376 tribunus

1048 4409 1289 4488 quidam
1320 4412 1512 4492 plebis
1536 4413 1889 4486 decesserat,
1905 4418 2076 4494 cujus
2097 4417 2158 4474 in
2185 4414 2380 4477 locum
2411 4414 2772 4475 Flaminium
2787 4434 2952 4475 com-
