3300 5234
583 1000 2539 1130 SUPPLEMENTUM.

1184 1302 1461 1371 LIBRI
1548 1304 1870 1375 CXVII.

1074 1560 1952 1640 HISTORIARUM

739 1822 861 1915 T.
998 1826 1393 1919 LIVII
1530 1821 2308 1919 PATAVINI.

404 2328 467 2385 1.
509 2298 809 2391 Occ1s0
839 2327 1099 2403 Caesare,
1133 2348 1292 2401 cum,
1316 2328 1599 2390 immenso
1624 2326 2064 2390 interfectorum
2087 2348 2306 2401 errore,
2417 2338 2448 2359 ’·

406 2422 604 2501 potius
628 2422 867 2485 sublata
890 2445 1095 2487 recens
1119 2425 1473 2507 respublica,
1501 2445 1684 2506 quam
1711 2426 1986 2487 restituta
2011 2433 2183 2486 vetus
2215 2446 2308 2485 ω·

404 2527 531 2588 seta
574 2540 703 2602 spe,
729 2530 915 2596 metu,
940 2521 1340 2597 solicitudine,
1378 2524 1708 2586 rumoribus
1741 2524 1944 2584 omnia
1979 2522 2308 2583 misceban-

403 2622 521 2675 tur.
588 2617 831 2685 Quibus
849 2617 1177 2680 dominatio
1196 2618 1364 2681 lucro
1385 2619 1601 2693 fuerat,
1628 2629 1947 2681 assertores
1969 2620 2100 2698 ejus
2123 2618 2310 2699 respi-

401 2731 558 2785 cere,
583 2711 809 2789 fovere,
835 2717 1019 2777 etiam
1043 2716 1379 2779 incendere.
1464 2717 1832 2798 Quanquam
1871 2716 1936 2777 id
1962 2715 2162 2796 palam
2186 2734 2310 2795 proe
2441 2702 2452 2711 ’

400 2828 463 2869 se
488 2808 721 2873 ferebat
738 2830 933 2874 nemo.
1016 2812 1279 2896 Lepidus
1302 2822 1365 2875 et
1388 2813 1692 2875 Antonius
1716 2812 1938 2874 amicos
1961 2812 2147 2891 magis
2172 2810 2311 2873 Οε-

402 2905 553 2967 saris
574 2926 756 2988 quam
778 2908 1001 2971 ultores
1017 2908 1469 2993 profitebantur,
1490 2930 1601 2971 nec
1628 2909 1740 2991 ipsi
1758 2908 2012 2971 fidentes
2035 2909 2312 2981 invicem,

402 3011 467 3063 et
490 3004 677 3065 nescii
702 3025 983 3086 quorsum
1022 3025 1275 3067 evasura
1309 3007 1626 3086 praesentia
1650 3006 1884 3076 forent:
1927 3006 1980 3066 si
2005 3024 2178 3066 casus
2202 3002 2314 3065 da·

400 3109 515 3173 ret,
542 3121 661 3162 non
688 3102 887 3163 ausuri
914 3102 1161 3175 leviora,
1188 3122 1369 3184 quam
1395 3102 1603 3165 Gaesar
1623 3090 2070 3184 concupiverat.
2153 3100 2312 3161 Per-

400 3218 669 3261 cussores
709 3199 874 3261 facto
908 3218 1017 3261 suo
1056 3199 1204 3272 loeti,
1252 3208 1603 3282 patrumque
1640 3197 1917 3260 laudibus
1939 3198 2146 3269 erecti,
2169 3196 2315 3259 dum

404 3296 483 3357 ad
502 3298 871 3358 honestatem
886 3296 1159 3359 retulisse
1178 3296 1380 3358 omnia
1396 3297 1589 3357 videri
1606 3296 1840 3370 volunt,
1859 3294 2316 3377 negligentiores

402 3401 575 3453 erant
597 3392 657 3453 in
682 3392 1095 3475 comparandis
1120 3392 1200 3454 ad
1226 3392 1472 3455 fortuita
1495 3392 1800 3474 praesidiis.

482 3495 546 3550 2.
590 3488 851 3551 Senatus
873 3487 1119 3562 discors,
1155 3497 1219 3549 et
1252 3488 1547 3570 plerisque
1578 3488 1783 3550 omnia
1807 3488 1930 3549 alia
1954 3509 2136 3569 quam
2159 3508 2314 3549 mm-

403 3585 707 3670 publicam
730 3587 1153 3668 spectantibus,
1180 3585 1541 3648 vindicatam
1576 3584 1769 3647 ordini
1799 3584 2154 3665 dig-nitatem
2179 3604 2312 3665 gra-

400 3682 712 3745 tulabatur
758 3685 971 3763 magis,
1016 3702 1200 3764 quam
1242 3702 1527 3763 usurpare
1574 3689 1858 3743 noverat:
1917 3702 2054 3763 pars
2095 3700 2315 3761 magna

403 3782 616 3853 otium,
661 3781 765 3841 alii
806 3782 1069 3862 privatas
1106 3780 1365 3841 rationes
1396 3787 1701 3861 spectare:
1743 3776 1891 3839 nihil
1925 3779 1988 3838 in
2012 3777 2312 3861 plerisque

403 3876 735 3957 gravitatis,
760 3878 909 3957 nihil
936 3878 997 3937 in
1022 3876 1267 3958 reliquis
1299 3877 1581 3959 potentiae
1607 3896 1753 3936 esse.
1839 3874 2072 3936 Milites
2095 3894 2315 3953 magna

407 3973 663 4035 Caesaris
698 3976 1099 4047 veneratione,
1136 3975 1295 4035 hunc
1328 3994 1507 4034 unum
1544 3971 1834 4033 anteferre
1856 3972 2166 4041 omnibus3
2210 3990 2310 4030 ce-

402 4079 561 4131 teros
608 4070 911 4152 despicere
936 4091 953 4131 :
1018 4069 1197 4130 bellis
1244 4069 1519 4131 civilibus
1582 4076 1958 4129 contemnere
2015 4076 2310 4138 senatum,

403 4168 597 4229 odisse
624 4168 905 4249 patriam,
928 4164 1124 4228 facere
1148 4167 1419 4245 injurias,
1445 4166 1566 4227 vim
1592 4173 1658 4225 et
1681 4184 1848 4225 arma
1869 4162 2129 4225 minitari
2153 4161 2309 4222 didi-

402 4273 627 4327 cerant.
710 4264 907 4326 Plebs
938 4263 1083 4325 olim
1126 4272 1424 4346 corrupta,
1450 4260 1632 4344 seque
1657 4269 1720 4323 et
1753 4260 2178 4343 rempublicam
2205 4279 2308 4320 ve·-

404 4362 603 4423 nalem
627 4362 859 4423 habere
892 4360 1094 4436 docta,
1129 4380 1320 4422 rerum
1360 4370 1688 4445 ceterarum
1727 4377 1896 4441 aeque
1934 4358 2210 4439 imperita
2235 4376 2309 4419 ac
