3300 5234
846 559 1052 625 mani
1101 574 1351 627 cxvii.
1396 570 2048 627 supputansruu.
2393 530 2584 625 5393-

334 736 427 791 ra,
451 718 665 799 quibus
681 716 713 749 ⁸
750 718 1180 800 rempublicam
1205 717 1677 781 extraordinaria
1701 718 1966 801 pericula
1989 719 2242 779 circum·-

332 824 517 888 stant,
536 814 1067 877 extraordinarium
1082 836 1321 898 quoque
1340 815 1678 898 praesidium
1697 816 2030 878 accessisse.
2085 816 2244 884 Quis
2265 816 2394 869 ven.
2409 832 2474 868 1¹·
2485 818 2572 865 ⁶4·

333 912 495 973 enim
515 921 743 973 tantum
758 921 863 973 aut
888 911 1143 973 furorem
1164 913 1489 985 bominum,
1506 920 1611 973 aut
1628 913 2055 992 benignitatem
2077 911 2246 973 Deo-
2405 988 2413 995 .

334 1030 469 1069 rum
501 1010 766 1091 praescire
801 1017 981 1089 atque
1012 1008 1332 1091 praedicere
1368 1009 1688 1091 potuisset?
1761 1010 1829 1070 A
1863 1009 2106 1071 consule
2135 1028 2244 1091 pa-
2331 1038 2340 1043 ·

332 1106 513 1166 triam
538 1107 863 1186 oppugnari
882 1106 1141 1186 publicis
1164 1106 1411 1177 viribus,
1429 1126 1469 1166 a
1494 1107 1730 1188 privato
1747 1105 1988 1167 defendi
2011 1105 2243 1167 domes-

335 1202 475 1262 ticis
497 1201 715 1283 copiis!
788 1201 867 1263 In
896 1201 1001 1262 iuo
1026 1202 1174 1263 nihil
1198 1222 1325 1263 esse
1350 1201 1512 1282 quod
1540 1221 1658 1263 non
1683 1200 1898 1275 oderis,
1926 1203 2246 1283 vituperes,

334 1299 585 1369 timeas3
642 1300 704 1360 in
750 1299 865 1361 boc
922 1300 1124 1361 omnia
1168 1298 1457 1381 praeclara
1498 1306 1563 1361 et
1604 1298 1891 1373 salubria,
1937 1301 2244 1380 pietatem,

336 1396 669 1468 consilium,
697 1397 1013 1459 virtutem!

420 1499 523 1555 89.
566 1501 585 1529 ‘
605 1493 833 1555 Cavete
860 1494 1019 1554 enim
1039 1492 1363 1575 quicqum
1388 1493 1738 1555 existimetis
1753 1494 1778 1531 ³
1821 1500 1927 1554 aut
1949 1491 2248 1574 pernicio·-

333 1592 461 1653 sius
482 1590 723 1673 publice
741 1584 1039 1663 Antonio,
1067 1600 1174 1652 aut
1199 1590 1437 1652 (ἕποιτο
1461 1574 1758 1651 salubrius
1782 1608 1954 1671 posse
1977 1588 2246 1667 cogitari.

339 1688 437 1748 Μ.
464 1688 797 1749 Antonium
836 1689 971 1769 quis
1011 1696 1271 1750 vestrum
1312 1707 1431 1749 non
1470 1688 1658 1759 novit,
1703 1696 1988 1769 tanquam
2029 1685 2250 1764 digitos

335 1785 513 1845 suos?
594 1785 745 1865 Ejus
780 1785 1011 1858 luxum,
1050 1784 1345 1857 libidines,
1372 1784 1804 1856 crudelitatem,
1839 1785 2078 1865 rapinas
2115 1784 2250 1863 quis

336 1883 613 1962 ignorat?
696 1882 841 1943 Nec
882 1890 1147 1965 repetam
1188 1902 1327 1964 quae
1366 1902 1567 1945 coram
1610 1883 1796 1944 toties
1838 1882 2038 1963 objeci
2078 1882 2268 1969 vobis·

336 1982 753 2043 audientibus:
798 1980 877 2041 ad
916 1980 1229 2062 proeseutia
1261 1990 1533 2063 tempora
1571 2002 1679 2042 vos
1714 1980 2002 2063 respicere
2032 1982 2246 2060 jubeo,

336 2086 401 2139 et
434 2077 901 2159 magnitudinem
938 2078 1211 2160 periculi,
1237 2077 1399 2159 quod
1424 2078 1596 2140 vobis
1617 2078 1954 2151 denuntiat,
1979 2077 2250 2157 diligenti

338 2176 727 2237 aestimatione
761 2175 977 2236 metiri.
1060 2174 1295 2248 Homo,
1320 2195 1399 2235 ex
1436 2176 1668 2254 magnis
1703 2176 1940 2257 opibus,
1968 2194 2074 2255 per
2099 2183 2254 2234 tem-

336 2292 543 2352 porum
578 2272 871 2333 miseriam
912 2271 1111 2333 subito
1149 2273 1396 2353 paratis,
1422 2271 1639 2332 deinde
1675 2272 2010 2352 turpissime
2032 2268 2252 2352 dilapi-

338 2368 521 2439 datis,
536 2376 779 2449 repente
802 2387 1044 2447 egenus,
1070 2376 1207 2448 post
1231 2387 1435 2429 necem
1457 2366 1714 2428 Caesaris
1737 2366 2038 2427 abundare
2063 2366 2256 2448 copiis

338 2466 539 2547 coepit.
625 2465 913 2533 Quaeritis
936 2464 1138 2526 unde?
1221 2465 1585 2546 Quanquam
1612 2463 1756 2545 quid
1783 2472 1932 2547 opu‘s
1967 2471 2061 2523 est
2084 2482 2252 2544 quae-

202 2606 209 2615 .
338 2582 491 2635 rere,
532 2561 694 2643 quod
736 2562 903 2623 scitis
944 2562 1190 2623 omnes?
1274 2562 1585 2630 Quantum
1628 2561 1720 2623 illi
1761 2561 2050 2643 pecuniae,
2079 2568 2252 2620 nocte
2311 2587 2418 2638 eie.
2438 2588 2572 2642 Phil.

338 2678 477 2741 qum
500 2669 747 2720 mortem
775 2659 1033 2721 Coesaris
1055 2668 1147 2719 est
1178 2659 1469 2732 insecuta,
1498 2658 1847 2741 Calpurniae
1883 2658 2058 2719 timor
2081 2657 2254 2719 dedit
2275 2670 2340 2704 ¹¹·
2359 2658 2445 2707 ⁸8·
2491 2652 2498 2659 ’

294 2774 301 2783 ·
338 2757 403 2816 in
432 2757 681 2817 manus?
763 2756 1071 2824 Quantum
1096 2754 1335 2817 creditis
1366 2775 1446 2816 ex
1480 2756 1852 2837 interpolatis
1887 2763 2252 2816 commenta·-
2273 2778 2408 2829 Plnt.

338 2852 445 2914 riis
469 2851 746 2924 Caesaris,
774 2872 853 2913 ex
888 2850 1415 2913 innumerabilibus
1446 2851 1876 2933 chirographis,
1902 2850 2251 2912 redactum?
2277 2844 2460 2897 Aum-

343 2948 493 3016 Qua
526 2947 953 3009 nundinatione
994 2945 1191 3007 nullus
1230 2954 1490 3028 unquam
1516 2948 1632 3008 fuit
1655 2956 1916 3027 quoestus
1937 2948 2250 3027 copiosior.

340 3044 587 3125 Regna,
638 3044 959 3126 provinciae
1013 3042 1255 3114 dautur,
1301 3042 1678 3115 *adimuntun
1739 3044 1890 3104 tanti
1949 3042 2252 3116 videlicet,
2308 3058 2418 3109 cic.
2441 3058 2574 3110 Phil.

268 3196 277 3219 ,
340 3143 555 3221 quanti
598 3140 883 3201 redimere
927 3140 1055 3201 haec
1102 3140 1469 3221 cupientium
1514 3138 1813 3201 desideria
1858 3139 2251 3221 paciscuntur.
2275 3128 2446 3239 ἕξω·
2466 3129 2548 3175 ⁸⁷·

343 3237 544 3299 Datur
568 3237 783 3299 civitas
814 3236 971 3309 aliis,
1012 3234 1149 3317 aliis
1188 3236 1560 3297 immunitas:
1602 3237 1984 3297 restituuntur
2023 3235 2254 3308 exules,
2311 3223 2417 3304 cic.
2443 3252 2576 3305 Phil.

342 3336 585 3395 minime
622 3332 889 3415 profecto
922 3332 1125 3413 gratis.
1205 3332 1345 3393 Jam
1370 3352 1491 3394 una
1513 3332 1728 3413 rapina
1751 3332 1830 3393 ad
1860 3332 2015 3413 Opis
2038 3332 2256 3414 septies
2279 3322 2446 3433 2⁸2⁷·
2465 3327 2518 3367 0‘

342 3432 566 3493 millies
594 3431 921 3493 sestertium
958 3430 1262 3491 sublatum
1296 3430 1501 3491 nostis.
1582 3428 1654 3491 N
1657 3450 1772 3491 une
1797 3429 1978 3490 etiam
2003 3429 2253 3507 munici·
2311 3414 2420 3497 ὸῑὲ.
2433 3445 2498 3495 ..ι

343 3529 460 3610 piis
484 3528 761 3609 imperari
786 3525 1059 3587 audimus
1082 3526 1417 3608 pecuniam.
2277 3510 2576 3563 Mum-⁸·

328 3666 337 3673 -
422 3632 527 3687 40.
568 3634 587 3663 ‘
615 3624 829 3685 Tantis
870 3623 1185 3685 instructus
1222 3621 1469 3695 divitiis,
1507 3622 1772 3683 maximo
1807 3622 2090 3704 preditus
2125 3642 2254 3682 ma-

344 3724 617 3804 gistratu,
660 3720 970 3803 provincia
1000 3729 1063 3781 et
1092 3719 1424 3799 legionibus
1460 3728 1693 3790 auctus,
1731 3728 2018 3799 quantum
2045 3720 2253 3800 possit,

343 3820 601 3883 videtis:
628 3827 915 3899 quantum
950 3817 1121 3889 velit,
1150 3818 1259 3877 nisi
1286 3818 1399 3898 ipsi
1438 3814 1699 3887 creditis,
1725 3836 1840 3895 ego
1864 3815 2038 3877 vobis
2061 3816 2254 3877 nenti·

342 3937 525 3996 quam
576 3934 941 3997 persuasero.
1021 3914 1225 3975 Pauci
1270 3912 1588 3973 admodum
1629 3912 1762 3973 dies
1805 3920 1964 3983 suut,
2009 3932 2146 3973 cum
2189 3912 2252 3971 in

342 4015 627 4077 concione
650 4020 851 4075 vestra
886 4010 1085 4093 palam
1130 4008 1427 4093 professus
1458 4017 1571 4082 est,
1614 4008 1812 4071 locum
1840 4030 1938 4071 me
1964 4009 2124 4092 apud
2150 4028 2256 4073 eos

604 4250 639 4295 2
674 4244 781 4301 Quo
798 4258 895 4308 pro
915 4242 1084 4308 quibus
1102 4240 1377 4305 legebatur
1394 4246 1515 4290 aute
1538 4240 1698 4291 Crev.

608 4314 639 4361 3
675 4310 1017 4361 Desideratus·
1038 4306 1099 4359 τὸ
1114 4307 1404 4359 existimetis
1434 4307 1489 4357 in
1510 4306 1631 4357 edd.
1655 4312 1780 4357 ante
1801 4305 1958 4359 Crev.
