3300 5234
891 524 1101 575 mnan
1149 524 1280 577 cx.
1321 522 1979 575 susannam-un.
2374 506 2551 578 5197

307 674 448 752 pent
487 681 629 729 enm
665 652 960 729 omnibus'
983 669 1174 750 copiis
1207 670 1270 731 in
1304 688 1550 748 regnum
1583 668 1779 731 rediit.
1863 668 2029 731 Hoec
2062 675 2225 751 post·

305 784 496 847 quam
533 765 594 827 in
623 764 881 838 Urbem,
905 775 968 827 et
1007 768 1068 828 in
1100 766 1521 829 Macedoniam
1547 768 1819 829 nuntiata
1842 776 2001 839 suut,
2026 766 2225 829 diver-

303 882 440 923 sam
489 882 600 945 pro
651 862 1012 925 dissensione
1061 866 1414 937 animorum,
1461 886 1503 925 a
1551 864 1851 925 Romanis
1895 864 2225 927 mercedem
2310 852 2315 862 ’

306 959 350 1020 J
353 961 478 1021 uba
499 959 656 1022 tulit.
741 960 1072 1043 Pompeius
1093 970 1160 1023 et
1187 962 1292 1041 qui
1329 982 1466 1023 cum
1509 982 1586 1023 eo
1625 970 1817 1034 erant,
1854 962 2135 1022 bonorem
2170 960 2227 1021 ei
2250 966 2374 1017 Dio.

303 1058 668 1129 habuerunt,
715 1076 1032 1139 regemque
1075 1058 1488 1139 appellaruntz
1545 1068 1612 1120 at
1659 1058 1865 1119 Caesar
1908 1067 1972 1119 et
2014 1058 2225 1118 urbani
2250 1032 2476 1149 δέξω·
2498 1046 2553 1084 v.

295 1154 658 1235 judicarunt
697 1154 948 1226 hostem,
993 1154 1423 1236 Bocchumque
1449 1164 1514 1215 et
1537 1154 1879 1235 Bogudem,
1906 1154 2071 1236 quod
2096 1155 2229 1233 ejus
2251 1161 2373 1213 Dio.

307 1260 511 1313 esseut
535 1251 880 1323 adversarii,
905 1272 1074 1330 reges
1100 1251 1490 1334 appellandos
1515 1272 1642 1313 esse
1669 1261 2037 1331 censuerunt.

391 1354 500 1411 66.
542 1346 792 1409 Interim
831 1349 894 1409 in
941 1348 1254 1433 Dalmatia
1279 1348 1374 1409 M.
1404 1348 1720 1421 Octavius,
1746 1358 1880 1431 post
1908 1348 2229 1411 dimensum
2285 1350 2415 1405 Ca.
2447 1349 2559 1405 civ.

313 1446 769 1508 Liburnicarum
809 1448 1094 1519 navium,
1165 1448 1380 1529 quibus
1431 1446 1815 1507 Antonianos
1882 1446 2101 1509 milita
2152 1447 2229 1508 ad
2253 1434 2558 1533 312⁸.vass-

312 1542 678 1625 Pompeium
703 1542 858 1603 Libo
881 1543 1238 1615 deducebat,
1287 1543 1504 1615 Issam,
1549 1543 1871 1631 insularum
1918 1564 1993 1605 eo
2038 1553 2229 1606 tractu
2285 1546 2475 1603 suabe,

311 1640 763 1710 nobilissimam,
803 1641 884 1701 ab
917 1642 1186 1703 amicitia
1212 1641 1469 1703 Caesaris
1495 1643 1750 1702 avertit:
1795 1640 2070 1713 Salonas,
2094 1661 2231 1703 cum
2255 1612 2559 1729 Essff‘u‘·

309 1736 536 1799 frustra
557 1744 864 1808 tentasset,
891 1756 1234 1819 oppugnare
1259 1738 1488 1799 statuit.
1572 1735 1669 1798 At
1694 1738 1785 1797 illi
1818 1756 1955 1799 eum
1979 1738 2059 1799 ob
2084 1758 2235 1821 pau·-

309 1835 560 1895 citatem
585 1835 858 1895 resistere
895 1854 1013 1895 non
1052 1844 1312 1917 possent,
1351 1854 1550 1897 servos
1591 1836 1847 1918 puberes
1884 1836 2235 1897 manumise—

311 1938 474 2003 runt,
499 1940 564 1991 et
587 1930 898 1991 mulierum
925 1932 1226 2012 praesectis
1247 1932 1512 1993 crinibus
1541 1932 1622 1993 ad
1645 1940 1943 1993 tormenta
1964 1941 2103 1993 sunt
2126 1932 2237 1993 usi.

313 2028 636 2099 Octavius,
665 2028 874 2089 borum
898 2028 1227 2110 pertinacia
1249 2030 1512 2109 cognita,
1541 2030 1807 2111 quinque
1830 2030 2039 2091 castris
2064 2029 2239 2111 oppi-

311 2124 460 2187 dum
483 2126 724 2187 clausit.
807 2127 905 2187 At
943 2146 1082 2187 cum
1117 2128 1340 2187 obseoei
1383 2128 1781 2207 negligentius
1820 2128 1917 2206 agi
1948 2128 2239 2189 excubias

309 2222 475 2304 apud
499 2224 730 2286 bostem
755 2233 1084 2297 cernerent,
1121 2226 1318 2306 pueris
1351 2235 1534 2306 atque
1577 2224 1925 2285 mulieribus
1968 2226 2027 2285 in
2066 2244 2235 2285 muro

309 2319 650 2394 collocatis,
677 2330 750 2383 ut
791 2322 1022 2403 species
1057 2330 1558 2405 propugnatorum
1593 2330 1945 2392 servaretur,
1974 2321 2237 2402 eruptio-

312 2438 454 2479 nem
503 2420 566 2479 in
609 2422 886 2501 proxima
928 2430 1126 2481 castra
1165 2418 1436 2481 faciunt:
1479 2420 1689 2501 hisque
1736 2419 2035 2501 perruptis
2068 2420 2237 2496 (nam

311 2524 560 2598 propter
583 2526 792 2577 aestum
819 2516 992 2578 multi
1019 2517 1240 2578 milites
1281 2536 1361 2579 ex
1401 2517 1755 2578 stationibus
1794 2516 2236 2595 discesserant,)

309 2612 530 2675 eodem
581 2616 806 2697 impetu
855 2626 1056 2677 cetera
1113 2616 1317 2676 omnia
1365 2624 1739 2697 expugnant,
1794 2612 2237 2692 Octaviumque

313 2714 546 2792 majore
569 2714 876 2795 copiarum
905 2712 1118 2774 amissa
1142 2722 1334 2793 parte,
1354 2732 1492 2774 cum
1517 2712 1763 2793 reliquis
1781 2712 1843 2773 iu
1868 2730 2055 2773 naves
2072 2729 2237 2771 com·

311 2809 576 2890 pellunt.
639 2809 938 2873 Octavius
959 2819 1190 2871 tantam
1213 2809 1452 2871 cladem
1479 2830 1707 2892 passus,
1732 2828 1871 2870 cum
1896 2807 1975 2869 de
2001 2806 2241 2867 Salonis

312 2907 734 2988 expugnandis
773 2908 1172 2989 desperasset,
1203 2908 1456 2987 jamque
1501 2909 1744 2970 instaret
1792 2906 2025 2988 hyems,
2074 2901 2239 2986 Dyr-

313 3003 626 3066 rhachium
653 3004 732 3067 ad
759 3005 1124 3087 Pompeium
1147 3024 1416 3067 reversus
1439 3012 1550 3065 est.
2094 3028 2105 3037 ·
2434 3052 2443 3059 .

399 3108 504 3167 6⁵7.
549 3102 716 3163 Dum
759 3104 890 3165 baec
927 3104 988 3163 in
1029 3100 1288 3185 Illyrico
1323 3111 1388 3163 et
1423 3100 1644 3163 Africa
1687 3108 1991 3179 geruntur,
2030 3097 2239 3159 Caesar
2292 3090 2501 3171 squ-ph.

315 3199 594 3281 deposita
629 3201 692 3261 in
725 3202 988 3283 speciem
1027 3200 1224 3262 civilis
1261 3200 1446 3260 animi
1485 3199 1810 3269 dictatura,
1846 3198 1959 3257 sub
1982 3196 2107 3257 alio
2129 3216 2239 3257 uo·
2258 3158 2436 3289 {22¹3ss
2449 3236 2542 3272 m,

317 3298 482 3357 mine
503 3297 714 3359 eadem
739 3299 941 3373 omnia
965 3297 1298 3368 habiturus,
1326 3294 1713 3357 Brundisium
1737 3314 1983 3375 pergere
2007 3294 2237 3365 statuit5
2264 3292 2347 3339 1⁰·

279 3474 282 3477 ξ
319 3412 444 3473 quo
493 3396 678 3457 etiam
727 3394 992 3475 legiones
1041 3394 1427 3475 praemiserat,
1491 3392 1855 3473 Pompeium
1913 3390 2235 3472 petiturus:
2259 3350 2543 3495 xllssssu.

317 3510 501 3571 quem
541 3491 604 3551 in
653 3512 821 3555 usum
857 3500 988 3553 tum
1023 3491 1157 3552 aliis
1197 3510 1234 3551 e
1268 3489 1449 3562 fania,
1482 3499 1608 3552 tum
1647 3509 1729 3551 ex
1770 3490 1903 3572 ipso
1936 3486 2239 3571 Capitolio
2261 3482 2382 3533 1³²⁰·

317 3587 573 3649 donaria
606 3586 890 3670 pleraque
923 3590 1129 3650 omnia
1165 3586 1506 3649 sustulerat.
2162 3617 2175 3621 -
2260 3548 2392 3666 (ἔξιτ’

401 3692 507 3746 68.
549 3684 774 3766 Neque
827 3684 1202 3746 mediocriter
1249 3704 1418 3765 spem
1457 3684 1592 3763 ejus
1635 3690 1951 3743 erexerunt
1998 3681 2243 3761 objecta

319 3792 448 3844 tum
487 3794 552 3843 et
583 3783 766 3863 paulo
791 3791 926 3865 post
949 3782 1170 3844 omina.
1254 3782 1504 3863 Quippe
1539 3780 1687 3841 dum
1724 3780 1982 3843 adornat
2016 3780 2150 3851 iter,
2178 3776 2241 3837 in

319 3881 673 3942 comitatum
715 3882 849 3960 ejus
895 3880 1161 3941 lauream
1189 3878 1587 3961 ,supervolans
1625 3877 1847 3940 milvus
1888 3876 2136 3957 injecit:
2178 3883 2243 3936 et

319 3988 535 4060 postea
573 3998 744 4039 sacra
785 3998 860 4039 eo
895 3976 1153 4039 faciente
1182 3976 1488 4049 Formam,
1513 3984 1719 4038 taurus
1754 3974 1951 4035 adhuc
1985 3973 2243 4041 intactus

319 4074 555 4155 effugit,
601 4074 1004 4156 paludemque
1044 4083 1277 4146 nactus,
1323 4092 1458 4135 eam
1502 4072 1783 4134 tranavit.
1884 4068 2239 4152 Responde-

321 4182 462 4234 runt
484 4172 828 4254 haruspices
867 4182 884 4210 ‘
917 4172 1174 4234 Caesaiis
1197 4171 1324 4235 fata
1347 4173 1434 4231 sic
1459 4170 1842 4232 adumbrasse
1869 4168 2036 4229 Deos
2050 4188 2069 4237 3
2112 4186 2243 4228 ma-

324 4270 608 4352 nentique
656 4270 934 4345 exitium,
985 4271 1166 4333 mare'
1197 4268 1524 4333 transeunti
1576 4269 1765 4331 vitam
1814 4266 2241 4347 victoriamque
