3300 5234
807 595 1018 646 meni
1067 595 1318 647 oxvn.
1359 595 2015 650 supensuanrum.
2368 581 2547 649 ⁶397

305 744 434 798 tum
471 735 850 810 delictorum,
891 747 1018 799 tum
1059 737 1372 820 supplicii:
1413 747 1695 800 centenos
1728 737 1867 800 iilos
1904 737 2219 800 denariost

307 855 370 894 se
395 835 802 914 pronuntiasse
827 854 942 894 non
969 835 1234 896 donativi
1267 837 1526 907 nomine,
1571 855 1763 917 neque
1804 836 1961 895 enim
2002 835 2067 896 id
2112 855 2221 917 pro

303 930 546 1012 fortuna
567 953 678 993 sua
701 930 1020 1003 fscmrum,
1045 931 1152 992 sed
1191 952 1314 1013 quo
1343 934 1535 994 laetior
1577 951 1847 994 accessus
1872 953 2011 994 suus
2034 932 2219 1013 legio-

303 1029 480 1089 nibus
523 1028 725 1092 emet?
807 1028 951 1090 Nec
985 1027 1224 1090 eddidit
1259 1031 1604 1111 quicquam,
1645 1049 1721 1091 ne
1764 1029 1977 1090 cedere
2016 1031 2219 1090 militi·

303 1123 418 1184 bus
461 1124 688 1186 timore-
713 1124 1030 1186 videretur.
1142 1125 1540 1188 Denuntiavit
1583 1127 1733 1206 quin
1776 1127 1959 1186 etiam
2007 1145 2219 1208 paren·

303 1219 444 1280 dum
485 1223 748 1304 imperiis
775 1224 898 1284 suis
931 1223 1076 1284 fore.

386 1324 488 1378 50.
533 1319 813 1380 Remotis
857 1318 1070 1380 deinde
1107 1307 1601 1388 centurionibus,y
1647 1339 1798 1400 quos
1836 1319 2222 1401 suspectabat

303 1435 434 1475 esse
471 1415 808 1497 cupidiores
844 1415 1123 1488 Caesaris,
1163 1415 1315 1476 alios
1353 1415 1655 1496 praefecit:
1712 1417 2075 1496 comiterque
2110 1435 2219 1498 ap·

303 1512 564 1595 pellatos
585 1514 826 1586 milites,
848 1514 1098 1576 divensis
1121 1515 1462 1593 agminibus
1489 1513 1815 1576 secundum
1840 1533 2003 1574 mare
2026 1513 2217 1594 Supe-

301 1629 432 1670 rum
462 1611 648 1690 jussit
687 1610 1034 1671 Ariminum
1067 1630 1326 1692 pergere.
1411 1608 1554 1691 Ipse
1586 1631 1725 1671 cum
1760 1609 1993 1690 legione
2018 1609 2217 1671 Alau·
2273 1626 2380 1677 cic.
2400 1629 2463 1678 ad

301 1705 512 1766 darum
539 1705 802 1768 Romam
825 1707 1080 1789 superbo
1112 1707 1372 1768 adventu
1409 1708 1640 1796 terruit,
1666 1708 1967 1789 equitibus
1990 1709 2051 1768 in
2076 1709 2217 1770 sub-
2241 1691 2545 1810 affinia&

304 1805 474 1864 ursio
517 1803 760 1878 relictis,
803 1804 1056 1866 mnitem
1107 1805 1440 1866 weinetum
1485 1804 1709 1866 ducem
1746 1805 1809 1864 in
1856 1804 2111 1879 Urbem,
2156 1816 2221 1868 et
2358 1773 2427 1824 ¹²¹²
2510 1793 2527 1812 ⁰

305 1903 608 1961 nocturnis
645 1909 1000 1962 armatorum
1033 1902 1199 1962 circa
1235 1899 1396 1962 oedes
1425 1921 1563 1962 suas
1594 1899 1897 1962 custodiis.

384 2003 484 2058 51.
530 1996 654 2058 Sed
681 1999 836 2070 ubi,⁴
859 2006 1191 2059 convocato
1225 2005 1459 2070 senatu,
1487 1995 1791 2083 Gaesarem
1817 2007 2219 2072 accusaturus,
2275 2014 2382 2065 Cic.
2396 2015 2527 2068 Phil.

301 2093 736 2176 effecturusque
783 2103 852 2154 ut
893 2093 1080 2154 hostis
1135 2092 1240 2154 ille
1292 2093 1691 2173 judicaretur,
1742 2094 1805 2154 in
1854 2093 2221 2176 Capitolium
2246 2095 2333 2130 ¹¹¹·
2356 2085 2405 2130 ⁸·
2432 2097 2508 2131 η·

303 2193 590 2266 ascendit,
611 2194 671 2253 in
689 2193 856 2255 aditu
871 2193 1052 2254 curiae
1071 2193 1338 2253 nuntium
1357 2193 1438 2254 ad
1457 2213 1594 2254 eum
1611 2191 1879 2254 delatum
1898 2203 2011 2265 est,
2033 2193 2219 2274 legio·
2242 2149 2293 2258 ἔξ
2314 2149 2439 2286 ἔρξ’
2458 2154 2513 2262 ἓξ

303 2309 438 2350 nem
467 2290 778 2363 Martiam,
803 2292 978 2369 cujus
1005 2289 1178 2349 multi
1213 2289 1590 2350 centuriones
1626 2288 1923 2350 interfecti
1958 2289 2216 2362 fuerant,
2240 2274 2489 2388 ssgmffl‘

301 2385 554 2460 sublatis
575 2387 759 2466 signis
783 2385 1016 2446 Albam
1053 2386 1382 2456 secuisse,
1409 2386 1468 2446 in
1493 2387 1703 2446 urbem
1738 2395 2133 2467 opportunam
2154 2396 2221 2447 et
2274 2373 2350 2454 c·'
2396 2355 2531 2456 1's'mi.

302 2484 610 2543 munitam.
695 2481 862 2543 Dum
887 2481 968 2544 ad
993 2482 1124 2542 haec
1161 2481 1432 2542 subsistit
1463 2481 1923 2561 cogitabundus,
1948 2502 2025 2544 en
2052 2481 2217 2543 aliud
2242 2483 2369 2544 ¹¹¹3·
2392 2472 2441 2518 ⁸·

304 2580 596 2651 nuntium,
621 2587 686 2640 et
723 2587 998 2660 quartam
1037 2576 1349 2658 legionem,
1374 2577 1530 2640 duee
1555 2578 1628 2639 L.
1656 2575 2021 2658 Egnatuleio
2050 2599 2215 2660 quae-
2238 2531 2541 2653 :glatiem

299 2685 488 2748 store,
507 2675 588 2738 ad
618 2675 920 2738 cesarem
943 2696 1008 2736 se
1031 2675 1416 2736 transtulisse.
1502 2675 1650 2743 Qua
1668 2696 1733 2736 re
1760 2674 1989 2747 audita,
2016 2677 2103 2738 sic
2126 2687 2218 2738 est
2239 2660 2456 2775 §prm-

301 2775 636 2846 exterritus‚
665 2784 754 2847 ut,
784 2775 1024 2855 abjecto
1047 2775 1127 2836 de
1153 2773 1394 2835 Caesare
1431 2773 1727 2834 referendi
1750 2773 2019 2846 consilio,
2044 2795 2215 2837 sena·
2272 2741 2381 2842 (iic.
2392 2789 2529 2841 Phil.

303 2871 726 2932 tusconsultum
751 2870 828 2932 de
853 2871 1292 2952 supplicatione
1323 2869 1418 2931 Μ.
1446 2870 1677 2950 Lepido
1702 2869 2079 2932 decernenda
2109 2892 2219 2954 per
2238 2859 2542 2972 ζζζξὶιαοθ·

301 2968 720 3030 discessionem
743 2968 988 3039 faceret,
1013 2988 1134 3049 quo
1155 2967 1408 3029 celerius
1431 2969 1665 3028 mittere
1692 2976 1959 3028 senatum
1989 2979 2216 3050 possetz
2425 2952 2440 2969 ⁶
2495 2957 2511 2974 ’

305 3068 445 3144 (nec
486 3066 642 3126 enim
686 3067 924 3128 honoris
954 3065 1168 3148 Lepidi
1195 3086 1379 3127 causa
1409 3065 1612 3126 vocari
1656 3073 1862 3145 patres
1887 3067 2151 3143 jusserat
2168 3072 2217 3146 z)

303 3164 684 3243 supervacuis
719 3165 958 3224 omnino
985 3164 1160 3222 minis
1183 3161 1360 3223 usus⁵
1399 3160 1682 3222 adversus
1716 3163 1985 3223 tribunos
2024 3163 2222 3243 plebis
2273 3225 2284 3237 ,

304 3259 618 3339 quosdam,
663 3262 766 3342 qui
807 3263 1048 3321 minime
1095 3259 1476 3341 repugnaturi
1509 3258 1765 3320 fuerant.
1848 3257 1973 3320 Sed
2012 3259 2115 3320 ille
2146 3261 2219 3322 L.

305 3357 518 3418 Cemio
544 3358 998 3420 denuntiaverat
1033 3367 1305 3428 mortem,
1329 3357 1380 3418 si
1407 3359 1466 3417 in
1493 3365 1765 3417 senatum
1790 3358 2085 3418 venisset:
2133 3358 2216 3419 D.

308 3452 716 3516 Canuleium⁸
757 3477 794 3518 e
831 3463 1042 3516 senatu
1083 3455 1144 3516 vi
1183 3463 1248 3515 et
1284 3455 1461 3516 minis
1489 3453 1693 3514 mortis
1730 3454 2079 3535 expulerat:
2120 3455 2215 3516 Ti.

758 3665 791 3712 4
826 3663 1022 3712 Carent
1046 3661 1170 3712 edd.
1192 3667 1320 3710 ante
1341 3659 1496 3710 Cres.
1519 3659 1596 3721 τὸ
1613 3659 1715 3710 sbi.

760 3733 790 3778 5
825 3729 1021 3778 Carent
1043 3727 1168 3778 edd.
1191 3735 1316 3776 ante
1339 3727 1495 3776 Crev.
1515 3725 1592 3786 τῷ·
1611 3739 1743 3774 ssu.

1079 3869 1356 3892 Ooumn
1361 3867 1452 3892 00,

369 3983 400 4011 ¹
435 3977 700 4028 centenos.
723 4011 736 4027 .
757 4011 770 4026 .
789 4012 802 4027 .
820 3975 1062 4042 desan-ios]
1082 3977 1224 4040 Sive,
1297 3981 1387 4026 tur
1420 3973 1642 4027 Graecus
1680 3973 1924 4038 scriptor,
1954 3971 2218 4024 centurio·

301 4041 450 4107 qnod
496 4042 636 4092 idem
690 4051 790 4105 est,
838 4044 1224 4108 quadringenos
1295 4057 1390 4092 nes
1413 4049 1555 4091 sunt.
1619 4041 1693 4090 Et
1716 4053 1861 4101 vero,
1885 4053 2041 4103 supra
2056 4054 2103 4088 c.
2126 4041 2221 4087 48.

305 4109 592 4158 sestertios.
658 4108 782 4157 Vid-
835 4117 948 4158 not.
987 4109 1222 4174 proxime
1293 4106 1630 4157 centuriones
1687 4106 1884 4170 aliquot
1949 4103 2219 4154 trucidan-

227 4207 236 4212 -
309 4171 714 4237 precedentem.
751 4173 893 4222 Creo.
1294 4179 1407 4222 tur:
1429 4171 1622 4221 tribuni
1640 4171 1714 4221 its
1732 4177 1855 4220 sunt
1875 4167 1968 4218 fidi
1987 4169 2218 4218 Antonio

372 4246 395 4282 r
431 4235 1224 4302 nemausensem-monibus]
1294 4244 1355 4287 ut
1383 4236 1434 4286 el
1473 4237 1631 4286 etism
1670 4238 1856 4286 noxios
1899 4249 1963 4284 sc
2003 4233 2213 4283 seditio·

307 4303 466 4353 Prius
497 4303 580 4352 hic
609 4303 884 4366 legebatur
921 4303 1144 4364 cibun,
1165 4312 1226 4352 ut
1295 4316 1380 4353 sos
1407 4300 1472 4350 ad
1500 4315 1704 4364 poensm
1728 4297 1971 4350 offerant.
2010 4300 2153 4348 Cres.

307 4375 364 4417 et
409 4367 544 4429 apud
585 4367 926 4431 interpretem
972 4367 1224 4430 Appiani.
1361 4375 1382 4400 ⁸
1404 4366 1472 4416 D.
1501 4363 1821 4429 Canuleium]
1834 4363 1921 4416 Sic
1942 4361 2097 4412 effert
2118 4363 2215 4411 hoc

309 4433 416 4483 Sed
433 4431 701 4495 ταξίαρχοι,
720 4449 821 4498 qna
848 4449 977 4484 voce
1007 4433 1092 4483 liic
1122 4435 1224 4484 uti-
1295 4445 1482 4483 nomeu
1528 4431 1821 4497 Appianas.
1878 4428 2031 4498 (Vid.
2078 4427 2219 4478 infra
