3300 5234
708 545 889 610 5060
1032 603 1037 615 .
1304 496 1311 515 ¹
1687 561 1759 611 r.
1809 560 1998 658 uyn

744 718 861 770 Dio.
882 717 1014 768 Plut.
1040 705 1151 765 niis
1188 702 1529 784 diligentius
1567 705 1910 766 elaboratae.
1997 703 2120 764 Sed
2162 703 2274 764 hoc
2311 712 2572 784 tempore
2599 703 2942 784 spectacula

1040 804 1286 875 musica,
1313 801 1557 883 ludique
1583 802 2216 884 gymnici‘sceniciqne
2245 809 2382 861 sunt
2411 801 2580 873 editi,
2606 811 2669 860 et
2693 800 2940 860 Circen·

714 881 1005 998 Fffninigsvlfil.
1038 920 1152 971 ses,
1178 921 1313 961 cum
1338 902 1632 980 ejusmodi
1659 901 2096 972 venationibus,
2125 907 2191 959 ut
2213 899 2408 981 spatio
2427 899 2688 980 quinque
2713 898 2942 958 dicrum

1039 996 1241 1058 leones
1266 999 1573 1077 quingenti
1598 997 2026 1060 occiderentur.

714 1109 831 1162 Dio.
854 1109 989 1162 Plut.
1120 1101 1219 1155 30.
1264 1095 1732 1176 Elephantorum
1777 1103 2077 1156 extremus
2105 1094 2235 1155 dies
2263 1093 2400 1166 fuit,
2444 1093 2580 1176 plus
2615 1094 2940 1154 miseratio-

714 1176 841 1288 egi„
883 1241 947 1288 de
1040 1191 1152 1263 nis,
1198 1211 1375 1272 quam
1415 1191 1850 1264 delectationis,
1892 1192 2132 1252 habens.
2217 1191 2463 1272 Quippe
2509 1211 2842 1271 pugnavere
2881 1191 2942 1250 in

712 1275 861 1355 Brev:
882 1307 985 1357 vit.
1038 1287 1195 1349 circo
1228 1287 1656 1366 duodeviginti,
1691 1291 2015 1349 commissis
2058 1308 2216 1349 more
2249 1286 2436 1369 praelii
2468 1288 2662 1348 noxiis
2691 1287 2944 1348 homini-

714 1375 863 1486 {⁰¹:¹1}
1039 1385 1171 1456 bus,
1198 1393 1260 1445 et
1284 1393 1571 1465 praeterea
1586 1385 2028 1465 jaculatoribus
2053 1384 2330 1445 Gaetulis.
2416 1384 2574 1445 Cum
2599 1384 2828 1466 aliquot
2849 1404 2944 1444 es-

742 1501 871 1550 Plin.
890 1517 1015 1550 vm,
1037 1488 1169 1540 sent
1198 1481 1512 1553 vulnerati,
1554 1490 1930 1542 tentaverunt
1963 1483 2326 1563 eruptionem
2357 1482 2631 1553 universi,
2675 1501 2790 1541 non
2815 1481 2943 1541 siue

713 1569 765 1616 ⁷·
1040 1586 1201 1636 metu
1232 1577 1433 1659 populi
1458 1597 1473 1638 :
1517 1577 1621 1640 sed
1653 1578 1911 1638 clathros
1942 1578 2180 1650 ferreos,
2223 1579 2330 1658 qui
2371 1586 2540 1639 erant
2565 1578 2946 1650 circumdati,

716 1685 835 1738 Dio.
860 1687 995 1739 Plin.
1040 1694 1157 1734 non
1185 1683 1502 1757 potuerunt
1526 1674 1902 1756 perfringere.
1982 1675 2136 1734 Tum
2162 1696 2325 1748 vero,
2347 1684 2618 1756 porrecta
2642 1677 2702 1735 in
2725 1675 2945 1736 coelum

1042 1771 1415 1853 proboscide,
1444 1779 1564 1830 tam
1592 1771 1910 1832 miserabili
1945 1772 2152 1832 habitu
2181 1793 2442 1853 sonoque
2466 1772 2652 1832 veluti
2677 1772 2944 1854 complo-

1040 1869 1329 1928 rationem
1356 1867 1687 1940 ediderunt,
1715 1877 1782 1928 ut
1802 1867 2008 1928 dolore
2035 1868 2250 1929 ardens
2275 1869 2529 1950 populus
2545 1877 2945 1949 consurgeret,

718 1977 836 2026 Dio.
1042 1965 1456 2046 Pompeioque
1491 1966 1625 2026 dira
1665 1966 1866 2026 omnia
1903 1967 2341 2047 imprecaretur.
2426 1966 2786 2027 Pervaserat
2813 1966 2944 2047 opi-

1040 2061 1163 2132 nio,
1192 2063 1528 2142 proximum
1564 2063 1837 2122 humanis
1869 2063 2138 2123 sensibus
2171 2063 2396 2123 animal
2437 2083 2678 2144 poscere
2713 2061 2946 2124 vindic-

1040 2165 1163 2218 tam
1219 2157 1407 2230 Deos,
1470 2159 1551 2220 ob
1603 2157 1888 2220 violatum
1932 2159 2374 2238 jusjurandum,
2427 2181 2547 2242 quo
2595 2159 2830 2241 decepti
2881 2162 2948 2221 in

712 2258 819 2312 Cio.
1042 2253 1261 2315 Africa
1300 2276 1483 2317 naves
1522 2256 2016 2328 conscendissent,
2065 2277 2178 2316 non
2217 2257 2390 2318 aliter
2427 2258 2664 2318 facturi.
2749 2266 2767 2293 ‘
2795 2257 2946 2318 Esse

1039 2351 1306 2432 profecto
1324 2353 1545 2414 belluae
1572 2353 1662 2414 illi
1687 2374 1820 2415 cum
1847 2354 2104 2414 humano
2131 2375 2342 2434 genere
2367 2357 2705 2417 societatem
2737 2376 2752 2416 :
2779 2375 2944 2415 eam-

1038 2468 1155 2527 que
1180 2470 1509 2516 sermonem
1528 2452 1733 2512 horum
1765 2449 2136 2530 intelligere?

1118 2553 1221 2608 31.
1266 2549 1424 2609 Sane
1460 2550 1539 2609 ab
1572 2549 1688 2621 his,
1736 2569 1870 2630 quae
1900 2557 2126 2609 veteres
2159 2547 2546 2620 tradiderunt,
2587 2569 2702 2609 non
2728 2549 2944 2610 abhor-

1038 2655 1169 2706 rent
1181 2647 1521 2708 testimonia
1546 2646 1950 2727 plurimorum,
1973 2647 2100 2726 qui,
2125 2657 2436 2728 postquam
2464 2645 2660 2707 Indiae
2685 2646 2944 2708 Africae-

1040 2765 1157 2824 que
1196 2745 1474 2806 interiora
1504 2745 1764 2826 penitius
1796 2754 1934 2805 sunt
1971 2745 2264 2822 cognita,³
2307 2745 2572 2804 maxima
2610 2743 2946 2806 belluarum

1040 2843 1281 2903 istamm
1318 2850 1585 2902 armenta
1627 2841 1924 2902 viderunt.
2003 2841 2284 2902 Ceterum
2315 2840 2690 2901 amoenissimi
2724 2843 2816 2902 vir
2853 2844 2944 2903 in-

1040 2941 1195 3020 genii
1222 2939 1431 3000 Justus
1457 2938 1714 3020 Lipsius,
1742 2940 1803 2998 in
1836 2939 2141 3020 Epistolis,
2169 2938 2618 3021 elephantorum
2644 2937 2946 3002 admiran-

1039 3037 1121 3098 da
1145 3037 1458 3117 diligenter
1482 3037 1858 3117 suaviterque
1885 3034 2214 3118 descripsit.

713 3126 831 3179 1²³⁰·
1121 3141 1221 3194 32.
1264 3133 1358 3195 At
1387 3132 1641 3214 populus
1663 3133 1976 3196 Romanus
2001 3155 2116 3194 non
2137 3143 2262 3194 tam
2287 3133 2569 3215 Pompeii
2595 3133 2944 3195 munificen-

1038 3233 1125 3293 tia
1146 3231 1450 3302 delinitus,
1475 3251 1660 3313 quam
1683 3230 1942 3292 offensus
1965 3230 2228 3304 delectu,
2261 3251 2436 3312 quem
2471 3231 2744 3292 consules
2774 3233 2945 3292 insti-

1036 3337 1273 3391 tuerant
1302 3349 1496 3409 agere,
1536 3327 1852 3402 Catonem,
1884 3338 1948 3390 et
1982 3331 2086 3410 qui
2117 3349 2254 3390 cum
2279 3350 2354 3389 eo
2384 3338 2704 3400 senserant,
2733 3327 2946 3390 efferre

1037 3425 1350 3496 laudibus:
1393 3435 1620 3488 ceteros
1646 3427 1914 3487 incusare
1951 3427 2140 3487 modis
2165 3428 2430 3509 pessimis
2452 3428 2650 3508 coepit.
2736 3427 2944 3500 Unde,

1037 3534 1294 3586 resumta
1311 3524 1554 3597 fiducia,
1592 3525 1812 3585 tribuni
1846 3524 1965 3585 duo
1979 3525 2278 3604 judicium
2317 3526 2527 3585 minari
2559 3525 2767 3585 amicis
2799 3543 2943 3585 con-

1036 3621 1250 3692 sulum,
1276 3621 1618 3683 criminibus
1644 3622 1716 3680 in‘
1727 3622 1888 3702 ipso
1905 3623 2178 3682 consules
2203 3622 2569 3704 expetitnris.
2624 3622 2778 3681 Tum
2799 3641 2944 3682 con-

1036 3719 1195 3781 sules
1220 3717 1297 3778 ad
1322 3717 1605 3778 invidiam
1616 3713 2002 3778 ‘tribunorum
2029 3727 2248 3778 vestem
2275 3729 2578 3778 mutarunt
2606 3737 2621 3778 t
2667 3718 2944 3798 idemque

1040 3841 1077 3880 a
1098 3827 1263 3900 parte
1288 3825 1546 3887 senatus,
1565 3835 1699 3896 quae
1721 3814 2028 3876 consulum
2053 3825 2277 3876 sectam
2303 3817 2682 3896 sequebatur,
2701 3815 2943 3876 factita-

1038 3927 1181 3978 tum.
1266 3913 1408 3973 Cito
1424 3921 1622 3972 tamen
1649 3921 1907 3972 resumta
1930 3923 2021 3973 est
2045 3933 2060 3972 ε
2105 3922 2228 3973 tam
2254 3912 2378 3972 sine
2399 3933 2601 3985 causa,
2629 3933 2806 3994 quam
2835 3931 2943 3993 po-

1034 4013 1152 4074 sita
1175 4009 1353 4071 modo
1382 4009 1597 4072 fuerat.

744 4117 876 4167 Plut.
1118 4115 1217 4168 33.
1262 4105 1385 4168 Sed
1410 4105 1613 4188 dispar
1637 4105 1978 4166 consulibus
1996 4107 2154 4167 sicut
2177 4115 2500 4188 apparatus
2518 4115 2580 4166 et
2607 4107 2944 4178 consilium,

710 4183 945 4296 Ic‘omp.et
1032 4206 1118 4266 sic
1144 4206 1323 4264 etiam
1352 4204 1582 4264 animus
1605 4211 1750 4262 erat.
1834 4203 2187 4284 Pompeius,
2213 4205 2317 4284 qui
2345 4203 2423 4265 ad
2455 4203 2686 4263 Urbem
2705 4223 2944 4265 manere

1036 4301 1320 4374 malebat,
1340 4300 1446 4363 vel
1472 4301 1675 4360 uxoris
1699 4301 1914 4379 gratia,
1945 4299 2040 4360 vel
2079 4308 2147 4359 ut
2179 4321 2272 4360 res
2309 4298 2622 4380 Hispanas
2647 4319 2750 4382 per
2777 4299 2943 4379 lega—

1488 4442 1519 4486 3
1556 4437 1738 4488 Iterum
1755 4469 1770 4486 .
1795 4471 1810 4488 .
1840 4470 1854 4487 .
1873 4439 2079 4500 cognite
2103 4436 2225 4488 edd.
2247 4445 2370 4488 ante
2389 4439 2547 4490 Crev.
